
    <record>
      <header>
        <identifier>oai:library.rochester.edu:URVoyager1/345</identifier>
        <datestamp>2011-03-23T15:43:35Z</datestamp>
        <setSpec>bib</setSpec>
      </header>
      <metadata>
        <marc:record xmlns:marc="http://www.loc.gov/MARC21/slim" xmlns:xsi="http://www.w3.org/2001/XMLSchema-instance" xsi:schemaLocation="http://www.loc.gov/MARC21/slim http://128.151.244.137:8080/OAIToolkit_demo_175/schema/MARC21slim_custom.xsd">
          <marc:leader>01492ccm a2200349Ia 4500</marc:leader>
          <marc:controlfield tag="001">1188185</marc:controlfield>
          <marc:controlfield tag="005">20100226135956.0</marc:controlfield>
          <marc:controlfield tag="007">cr bn||||aaa|p</marc:controlfield>
          <marc:controlfield tag="008">930312s1906    au sga         n    ger d</marc:controlfield>
          <marc:datafield tag="028" ind1="2" ind2="2">
            <marc:subfield code="a">J.E.1241--J.E.1242</marc:subfield>
            <marc:subfield code="b">J. Eberle</marc:subfield>
          </marc:datafield>
          <marc:datafield tag="028" ind1="3" ind2="0">
            <marc:subfield code="a">3868--3869</marc:subfield>
            <marc:subfield code="b">J. Eberle</marc:subfield>
          </marc:datafield>
          <marc:datafield tag="035" ind1=" " ind2=" ">
            <marc:subfield code="a">(OCoLC)ocm27722132</marc:subfield>
          </marc:datafield>
          <marc:datafield tag="035" ind1=" " ind2=" ">
            <marc:subfield code="a">(OCoLC)27722132</marc:subfield>
          </marc:datafield>
          <marc:datafield tag="040" ind1=" " ind2=" ">
            <marc:subfield code="a">RER</marc:subfield>
            <marc:subfield code="c">RER</marc:subfield>
            <marc:subfield code="d">OCLCG</marc:subfield>
            <marc:subfield code="d">RES</marc:subfield>
          </marc:datafield>
          <marc:datafield tag="045" ind1="2" ind2=" ">
            <marc:subfield code="b">d1898</marc:subfield>
            <marc:subfield code="b">d1900</marc:subfield>
          </marc:datafield>
          <marc:datafield tag="048" ind1=" " ind2=" ">
            <marc:subfield code="a">vn01</marc:subfield>
            <marc:subfield code="a">ka01</marc:subfield>
          </marc:datafield>
          <marc:datafield tag="049" ind1=" " ind2=" ">
            <marc:subfield code="a">RESM</marc:subfield>
          </marc:datafield>
          <marc:datafield tag="090" ind1=" " ind2=" ">
            <marc:subfield code="a">M1620</marc:subfield>
            <marc:subfield code="b">.S378</marc:subfield>
          </marc:datafield>
          <marc:datafield tag="100" ind1="1" ind2=" ">
            <marc:subfield code="a">Schreker, Franz,</marc:subfield>
            <marc:subfield code="d">1878-1934.</marc:subfield>
          </marc:datafield>
          <marc:datafield tag="240" ind1="1" ind2="0">
            <marc:subfield code="a">Lieder,</marc:subfield>
            <marc:subfield code="n">op. 7</marc:subfield>
          </marc:datafield>
          <marc:datafield tag="245" ind1="0" ind2="0">
            <marc:subfield code="a">Acht Lieder für eine Singstimme mit Begleitung des Pianoforte /</marc:subfield>
            <marc:subfield code="c">von Franz Schreker.</marc:subfield>
          </marc:datafield>
          <marc:datafield tag="260" ind1=" " ind2=" ">
            <marc:subfield code="a">Wien :</marc:subfield>
            <marc:subfield code="b">J. Eberle,</marc:subfield>
            <marc:subfield code="c">[1906].</marc:subfield>
          </marc:datafield>
          <marc:datafield tag="300" ind1=" " ind2=" ">
            <marc:subfield code="a">1 score (2 v. in 1) ;</marc:subfield>
            <marc:subfield code="c">34 cm.</marc:subfield>
          </marc:datafield>
          <marc:datafield tag="490" ind1="0" ind2=" ">
            <marc:subfield code="a">Compositionen von Franz Schreker</marc:subfield>
          </marc:datafield>
          <marc:datafield tag="500" ind1=" " ind2=" ">
            <marc:subfield code="a">Publisher's no.: Universal-Edition Nr. 3868-3869.</marc:subfield>
          </marc:datafield>
          <marc:datafield tag="505" ind1="0" ind2=" ">
            <marc:subfield code="a">v. 1. Wiegenliedchen / Jul. Sturm ; Zu späte Reue / Jul. Sturm ; Traum / Dora Leen ; Spuk / Dora Leen -- v. 2. Rosentod / Dora Leen ; Ach, noch so jung / E. Scherenberg ; Rosengruss / E. Scherenberg ; Lied des Harfenmädchens / Th. Storm.</marc:subfield>
          </marc:datafield>
          <marc:datafield tag="530" ind1=" " ind2=" ">
            <marc:subfield code="a">Digitized version available online via the Sibley Music Library, Eastman School of Music</marc:subfield>
            <marc:subfield code="u">http://hdl.handle.net/1802/9355</marc:subfield>
          </marc:datafield>
          <marc:datafield tag="590" ind1=" " ind2=" ">
            <marc:subfield code="a">Sibley Music Library copy bound with Schreker, Fünf Gesänge (1909).</marc:subfield>
          </marc:datafield>
          <marc:datafield tag="650" ind1=" " ind2="0">
            <marc:subfield code="a">Songs with piano.</marc:subfield>
          </marc:datafield>
          <marc:datafield tag="856" ind1="4" ind2="1">
            <marc:subfield code="u">http://hdl.handle.net/1802/9355</marc:subfield>
            <marc:subfield code="z">Digitized version.</marc:subfield>
          </marc:datafield>
          <marc:datafield tag="994" ind1=" " ind2=" ">
            <marc:subfield code="a">C0</marc:subfield>
            <marc:subfield code="b">RES</marc:subfield>
          </marc:datafield>
          <marc:datafield tag="999" ind1=" " ind2=" ">
            <marc:subfield code="a">Sibley internet digitized scores</marc:subfield>
          </marc:datafield>
        </marc:record>
      </metadata>
    </record>