
    <record>
      <header>
        <identifier>oai:library.rochester.edu:URVoyager1/347</identifier>
        <datestamp>2011-03-23T15:43:35Z</datestamp>
        <setSpec>bib</setSpec>
      </header>
      <metadata>
        <marc:record xmlns:marc="http://www.loc.gov/MARC21/slim" xmlns:xsi="http://www.w3.org/2001/XMLSchema-instance" xsi:schemaLocation="http://www.loc.gov/MARC21/slim http://128.151.244.137:8080/OAIToolkit_demo_175/schema/MARC21slim_custom.xsd">
          <marc:leader>01274ccm a2200325Ia 4500</marc:leader>
          <marc:controlfield tag="001">1188190</marc:controlfield>
          <marc:controlfield tag="005">20100226135457.0</marc:controlfield>
          <marc:controlfield tag="007">cr bn||||aaa|p</marc:controlfield>
          <marc:controlfield tag="008">930312s190u    au sga         n    ger d</marc:controlfield>
          <marc:datafield tag="028" ind1="3" ind2="0">
            <marc:subfield code="a">3872</marc:subfield>
            <marc:subfield code="b">Josef Eberle</marc:subfield>
          </marc:datafield>
          <marc:datafield tag="028" ind1="2" ind2="2">
            <marc:subfield code="a">J.E. 907</marc:subfield>
            <marc:subfield code="b">Josef Eberle</marc:subfield>
          </marc:datafield>
          <marc:datafield tag="035" ind1=" " ind2=" ">
            <marc:subfield code="a">(OCoLC)ocm27722303</marc:subfield>
          </marc:datafield>
          <marc:datafield tag="035" ind1=" " ind2=" ">
            <marc:subfield code="a">(OCoLC)27722303</marc:subfield>
          </marc:datafield>
          <marc:datafield tag="040" ind1=" " ind2=" ">
            <marc:subfield code="a">RER</marc:subfield>
            <marc:subfield code="c">RER</marc:subfield>
            <marc:subfield code="d">OCLCG</marc:subfield>
            <marc:subfield code="d">RES</marc:subfield>
          </marc:datafield>
          <marc:datafield tag="048" ind1=" " ind2=" ">
            <marc:subfield code="a">vh01</marc:subfield>
            <marc:subfield code="a">ka01</marc:subfield>
          </marc:datafield>
          <marc:datafield tag="049" ind1=" " ind2=" ">
            <marc:subfield code="a">RESM</marc:subfield>
          </marc:datafield>
          <marc:datafield tag="090" ind1=" " ind2=" ">
            <marc:subfield code="a">M1620</marc:subfield>
            <marc:subfield code="b">.S378</marc:subfield>
          </marc:datafield>
          <marc:datafield tag="100" ind1="1" ind2=" ">
            <marc:subfield code="a">Schreker, Franz,</marc:subfield>
            <marc:subfield code="d">1878-1934.</marc:subfield>
          </marc:datafield>
          <marc:datafield tag="240" ind1="1" ind2="0">
            <marc:subfield code="a">Lieder,</marc:subfield>
            <marc:subfield code="n">op. 4</marc:subfield>
          </marc:datafield>
          <marc:datafield tag="245" ind1="0" ind2="0">
            <marc:subfield code="a">Fünf Lieder für hohe Stimme mit Begleitung des Pianoforte, op. 4 /</marc:subfield>
            <marc:subfield code="c">von Franz Schreker.</marc:subfield>
          </marc:datafield>
          <marc:datafield tag="260" ind1=" " ind2=" ">
            <marc:subfield code="a">Wien :</marc:subfield>
            <marc:subfield code="b">Josef Eberle,</marc:subfield>
            <marc:subfield code="c">[190-].</marc:subfield>
          </marc:datafield>
          <marc:datafield tag="300" ind1=" " ind2=" ">
            <marc:subfield code="a">1 score (13 p.) ;</marc:subfield>
            <marc:subfield code="c">34 cm.</marc:subfield>
          </marc:datafield>
          <marc:datafield tag="490" ind1="0" ind2=" ">
            <marc:subfield code="a">Compositionen von Franz Schreker</marc:subfield>
          </marc:datafield>
          <marc:datafield tag="500" ind1=" " ind2=" ">
            <marc:subfield code="a">Publisher's no.: Universal-Edition No. 3872.</marc:subfield>
          </marc:datafield>
          <marc:datafield tag="505" ind1="0" ind2=" ">
            <marc:subfield code="a">Frühling / Lemayer -- Unendliche Liebe / Tolstoi --Wohl fühl' ich / Storm --Liebe als Rezensentin / Sturm -- Lenzzauber / Scherenberg.</marc:subfield>
          </marc:datafield>
          <marc:datafield tag="530" ind1=" " ind2=" ">
            <marc:subfield code="a">Digitized version available online via the Sibley Music Library, Eastman School of Music</marc:subfield>
            <marc:subfield code="u">http://hdl.handle.net/1802/9458</marc:subfield>
          </marc:datafield>
          <marc:datafield tag="650" ind1=" " ind2="0">
            <marc:subfield code="a">Songs (High voice) with piano.</marc:subfield>
          </marc:datafield>
          <marc:datafield tag="856" ind1="4" ind2="1">
            <marc:subfield code="u">http://hdl.handle.net/1802/9458</marc:subfield>
            <marc:subfield code="z">Digitized version.</marc:subfield>
          </marc:datafield>
          <marc:datafield tag="994" ind1=" " ind2=" ">
            <marc:subfield code="a">C0</marc:subfield>
            <marc:subfield code="b">RES</marc:subfield>
          </marc:datafield>
          <marc:datafield tag="999" ind1=" " ind2=" ">
            <marc:subfield code="a">Sibley internet digitized scores</marc:subfield>
          </marc:datafield>
        </marc:record>
      </metadata>
    </record>