
    <record>
      <header>
        <identifier>oai:library.rochester.edu:URVoyager1/348</identifier>
        <datestamp>2011-03-23T15:43:35Z</datestamp>
        <setSpec>bib</setSpec>
      </header>
      <metadata>
        <marc:record xmlns:marc="http://www.loc.gov/MARC21/slim" xmlns:xsi="http://www.w3.org/2001/XMLSchema-instance" xsi:schemaLocation="http://www.loc.gov/MARC21/slim http://128.151.244.137:8080/OAIToolkit_demo_175/schema/MARC21slim_custom.xsd">
          <marc:leader>01437ccm a2200373Ia 4500</marc:leader>
          <marc:controlfield tag="001">1188191</marc:controlfield>
          <marc:controlfield tag="005">20100226135633.0</marc:controlfield>
          <marc:controlfield tag="007">cr bn||||aaa|p</marc:controlfield>
          <marc:controlfield tag="008">930312s190u    au sga         n    ger d</marc:controlfield>
          <marc:datafield tag="028" ind1="3" ind2="0">
            <marc:subfield code="a">3873</marc:subfield>
            <marc:subfield code="b">Josef Eberle</marc:subfield>
          </marc:datafield>
          <marc:datafield tag="028" ind1="2" ind2="2">
            <marc:subfield code="a">J.E. 906</marc:subfield>
            <marc:subfield code="b">Josef Eberle</marc:subfield>
          </marc:datafield>
          <marc:datafield tag="035" ind1=" " ind2=" ">
            <marc:subfield code="a">(OCoLC)ocm27722384</marc:subfield>
          </marc:datafield>
          <marc:datafield tag="035" ind1=" " ind2=" ">
            <marc:subfield code="a">(OCoLC)27722384</marc:subfield>
          </marc:datafield>
          <marc:datafield tag="040" ind1=" " ind2=" ">
            <marc:subfield code="a">RER</marc:subfield>
            <marc:subfield code="c">RER</marc:subfield>
            <marc:subfield code="d">OCLCG</marc:subfield>
            <marc:subfield code="d">RES</marc:subfield>
          </marc:datafield>
          <marc:datafield tag="048" ind1=" " ind2=" ">
            <marc:subfield code="a">vi01</marc:subfield>
            <marc:subfield code="a">ka01</marc:subfield>
          </marc:datafield>
          <marc:datafield tag="049" ind1=" " ind2=" ">
            <marc:subfield code="a">RESM</marc:subfield>
          </marc:datafield>
          <marc:datafield tag="090" ind1=" " ind2=" ">
            <marc:subfield code="a">M1620</marc:subfield>
            <marc:subfield code="b">.S378</marc:subfield>
          </marc:datafield>
          <marc:datafield tag="100" ind1="1" ind2=" ">
            <marc:subfield code="a">Schreker, Franz,</marc:subfield>
            <marc:subfield code="d">1878-1934.</marc:subfield>
          </marc:datafield>
          <marc:datafield tag="240" ind1="1" ind2="0">
            <marc:subfield code="a">Lieder auf den Tod eines Kindes</marc:subfield>
          </marc:datafield>
          <marc:datafield tag="245" ind1="1" ind2="0">
            <marc:subfield code="a">Zwei Lieder auf den Tod eines Kindes :</marc:subfield>
            <marc:subfield code="b">op. 5 /</marc:subfield>
            <marc:subfield code="c">von Franz Schreker ; [text by] Mia Holm.</marc:subfield>
          </marc:datafield>
          <marc:datafield tag="260" ind1=" " ind2=" ">
            <marc:subfield code="a">Wien :</marc:subfield>
            <marc:subfield code="b">Josef Eberle,</marc:subfield>
            <marc:subfield code="c">[190-].</marc:subfield>
          </marc:datafield>
          <marc:datafield tag="300" ind1=" " ind2=" ">
            <marc:subfield code="a">1 score (5 p.) ;</marc:subfield>
            <marc:subfield code="c">34cm.</marc:subfield>
          </marc:datafield>
          <marc:datafield tag="490" ind1="0" ind2=" ">
            <marc:subfield code="a">Compositionen von Franz Schreker</marc:subfield>
          </marc:datafield>
          <marc:datafield tag="500" ind1=" " ind2=" ">
            <marc:subfield code="a">For medium voice and piano.</marc:subfield>
          </marc:datafield>
          <marc:datafield tag="500" ind1=" " ind2=" ">
            <marc:subfield code="a">Publisher's no.: Universal-Edition No. 3873.</marc:subfield>
          </marc:datafield>
          <marc:datafield tag="505" ind1="0" ind2=" ">
            <marc:subfield code="a">O Glocken, böse Glocken -- Dass er ganz ein Engel werde.</marc:subfield>
          </marc:datafield>
          <marc:datafield tag="530" ind1=" " ind2=" ">
            <marc:subfield code="a">Digitized version available online via the Sibley Music Library, Eastman School of Music</marc:subfield>
            <marc:subfield code="u">http://hdl.handle.net/1802/9459</marc:subfield>
          </marc:datafield>
          <marc:datafield tag="590" ind1=" " ind2=" ">
            <marc:subfield code="a">Sibley Music Library copy bound with Schreker, Fünf Gesänge (1909).</marc:subfield>
          </marc:datafield>
          <marc:datafield tag="600" ind1="1" ind2="0">
            <marc:subfield code="a">Holm, Mia,</marc:subfield>
            <marc:subfield code="d">1845-1912</marc:subfield>
            <marc:subfield code="v">Musical settings.</marc:subfield>
          </marc:datafield>
          <marc:datafield tag="650" ind1=" " ind2="0">
            <marc:subfield code="a">Songs (Medium voice) with piano.</marc:subfield>
          </marc:datafield>
          <marc:datafield tag="700" ind1="1" ind2=" ">
            <marc:subfield code="a">Holm, Mia,</marc:subfield>
            <marc:subfield code="d">1845-1912.</marc:subfield>
          </marc:datafield>
          <marc:datafield tag="856" ind1="4" ind2="1">
            <marc:subfield code="u">http://hdl.handle.net/1802/9459</marc:subfield>
            <marc:subfield code="z">Digitized version.</marc:subfield>
          </marc:datafield>
          <marc:datafield tag="994" ind1=" " ind2=" ">
            <marc:subfield code="a">C0</marc:subfield>
            <marc:subfield code="b">RES</marc:subfield>
          </marc:datafield>
          <marc:datafield tag="999" ind1=" " ind2=" ">
            <marc:subfield code="a">Sibley internet digitized scores</marc:subfield>
          </marc:datafield>
        </marc:record>
      </metadata>
    </record>