
    <record>
      <header>
        <identifier>oai:library.rochester.edu:URVoyager1/356</identifier>
        <datestamp>2011-03-23T15:43:35Z</datestamp>
        <setSpec>bib</setSpec>
      </header>
      <metadata>
        <marc:record xmlns:marc="http://www.loc.gov/MARC21/slim" xmlns:xsi="http://www.w3.org/2001/XMLSchema-instance" xsi:schemaLocation="http://www.loc.gov/MARC21/slim http://128.151.244.137:8080/OAIToolkit_demo_175/schema/MARC21slim_custom.xsd">
          <marc:leader>01275cas a2200349 a 4500</marc:leader>
          <marc:controlfield tag="001">1323972</marc:controlfield>
          <marc:controlfield tag="007">hduafv---baca</marc:controlfield>
          <marc:controlfield tag="008">831207d18821905miuuu p a     0   a0eng d</marc:controlfield>
          <marc:datafield tag="010" ind1=" " ind2=" ">
            <marc:subfield code="a">sf 89092178 </marc:subfield>
          </marc:datafield>
          <marc:datafield tag="035" ind1=" " ind2=" ">
            <marc:subfield code="9">ocm10197508</marc:subfield>
          </marc:datafield>
          <marc:datafield tag="035" ind1=" " ind2=" ">
            <marc:subfield code="a">0000242291</marc:subfield>
            <marc:subfield code="b">NYG</marc:subfield>
          </marc:datafield>
          <marc:datafield tag="040" ind1=" " ind2=" ">
            <marc:subfield code="a">PES</marc:subfield>
            <marc:subfield code="c">PES</marc:subfield>
            <marc:subfield code="d">DLC</marc:subfield>
          </marc:datafield>
          <marc:datafield tag="042" ind1=" " ind2=" ">
            <marc:subfield code="a">msc</marc:subfield>
          </marc:datafield>
          <marc:datafield tag="049" ind1=" " ind2=" ">
            <marc:subfield code="a">RRRR</marc:subfield>
          </marc:datafield>
          <marc:datafield tag="050" ind1="0" ind2="0">
            <marc:subfield code="a">Microfilm 01104 no. 1075-1087 AP</marc:subfield>
          </marc:datafield>
          <marc:datafield tag="092" ind1=" " ind2=" ">
            <marc:subfield code="a">FM051</marc:subfield>
            <marc:subfield code="b">A51p2</marc:subfield>
          </marc:datafield>
          <marc:datafield tag="099" ind1=" " ind2=" ">
            <marc:subfield code="a">FILM </marc:subfield>
            <marc:subfield code="a"> Una191</marc:subfield>
            <marc:subfield code="a">1075-1087.</marc:subfield>
          </marc:datafield>
          <marc:datafield tag="130" ind1="0" ind2=" ">
            <marc:subfield code="a">Medical news (Philadelphia, Pa.)</marc:subfield>
          </marc:datafield>
          <marc:datafield tag="245" ind1="0" ind2="4">
            <marc:subfield code="a">The Medical news</marc:subfield>
            <marc:subfield code="h">[microform].</marc:subfield>
          </marc:datafield>
          <marc:datafield tag="260" ind1=" " ind2=" ">
            <marc:subfield code="a">[Philadelphia :</marc:subfield>
            <marc:subfield code="b">Henry C. Lea's Son &amp; Co.],</marc:subfield>
            <marc:subfield code="c">1882-1905.</marc:subfield>
          </marc:datafield>
          <marc:datafield tag="300" ind1=" " ind2=" ">
            <marc:subfield code="a">47 v.</marc:subfield>
            <marc:subfield code="b">ill. ;</marc:subfield>
            <marc:subfield code="c">27 cm.</marc:subfield>
          </marc:datafield>
          <marc:datafield tag="310" ind1=" " ind2=" ">
            <marc:subfield code="a">Weekly</marc:subfield>
          </marc:datafield>
          <marc:datafield tag="362" ind1="0" ind2=" ">
            <marc:subfield code="a">Vol. 40, no. 1 (Jan. 7, 1882)-v. 87, no. 27 (Dec. 30, 1905).</marc:subfield>
          </marc:datafield>
          <marc:datafield tag="500" ind1=" " ind2=" ">
            <marc:subfield code="a">"A weekly medical journal."</marc:subfield>
          </marc:datafield>
          <marc:datafield tag="533" ind1=" " ind2=" ">
            <marc:subfield code="a">Microfilm.</marc:subfield>
            <marc:subfield code="b">Ann Arbor, Mich. :</marc:subfield>
            <marc:subfield code="c">University Microfilms.</marc:subfield>
            <marc:subfield code="e">4 microfilm reels ; 35 mm.</marc:subfield>
            <marc:subfield code="f">(American periodical series, 1800-1850 ; 1075-1087)</marc:subfield>
          </marc:datafield>
          <marc:datafield tag="650" ind1=" " ind2="0">
            <marc:subfield code="a">Medicine</marc:subfield>
            <marc:subfield code="x">Periodicals.</marc:subfield>
          </marc:datafield>
          <marc:datafield tag="776" ind1="1" ind2=" ">
            <marc:subfield code="t">Medical news (Philadelphia, Pa.)</marc:subfield>
            <marc:subfield code="w">(OCoLC)1757001</marc:subfield>
          </marc:datafield>
          <marc:datafield tag="780" ind1="0" ind2="0">
            <marc:subfield code="t">Medical news and abstract</marc:subfield>
            <marc:subfield code="w">(OCoLC)10197360</marc:subfield>
            <marc:subfield code="w">(DLC)sf 89092177</marc:subfield>
          </marc:datafield>
          <marc:datafield tag="785" ind1="0" ind2="5">
            <marc:subfield code="t">New York medical journal</marc:subfield>
            <marc:subfield code="g">Jan. 6, 1906</marc:subfield>
          </marc:datafield>
          <marc:datafield tag="830" ind1=" " ind2="0">
            <marc:subfield code="a">American periodical series, 1800-1850 ;</marc:subfield>
            <marc:subfield code="v">1075-1087.</marc:subfield>
          </marc:datafield>
          <marc:datafield tag="890" ind1=" " ind2=" ">
            <marc:subfield code="a">Medical news.</marc:subfield>
          </marc:datafield>
          <marc:datafield tag="910" ind1=" " ind2=" ">
            <marc:subfield code="a">19961012093957.0</marc:subfield>
          </marc:datafield>
        </marc:record>
      </metadata>
    </record>