
    <record>
      <header>
        <identifier>oai:library.rochester.edu:URVoyager1/357</identifier>
        <datestamp>2011-03-23T15:43:35Z</datestamp>
        <setSpec>bib</setSpec>
      </header>
      <metadata>
        <marc:record xmlns:marc="http://www.loc.gov/MARC21/slim" xmlns:xsi="http://www.w3.org/2001/XMLSchema-instance" xsi:schemaLocation="http://www.loc.gov/MARC21/slim http://128.151.244.137:8080/OAIToolkit_demo_175/schema/MARC21slim_custom.xsd">
          <marc:leader>01755cas a2200385 a 4500</marc:leader>
          <marc:controlfield tag="001">1328233</marc:controlfield>
          <marc:controlfield tag="005">19961012094315.0</marc:controlfield>
          <marc:controlfield tag="007">hduafv---baca</marc:controlfield>
          <marc:controlfield tag="008">780530d18011821miuuu   a     0   a0eng  </marc:controlfield>
          <marc:datafield tag="010" ind1=" " ind2=" ">
            <marc:subfield code="a">sf 88091571 </marc:subfield>
          </marc:datafield>
          <marc:datafield tag="035" ind1=" " ind2=" ">
            <marc:subfield code="a">ocm03938164</marc:subfield>
          </marc:datafield>
          <marc:datafield tag="040" ind1=" " ind2=" ">
            <marc:subfield code="a">DLC</marc:subfield>
            <marc:subfield code="c">YNG</marc:subfield>
            <marc:subfield code="d">OCL</marc:subfield>
            <marc:subfield code="d">PES</marc:subfield>
            <marc:subfield code="d">DLC</marc:subfield>
            <marc:subfield code="d">NST</marc:subfield>
          </marc:datafield>
          <marc:datafield tag="042" ind1=" " ind2=" ">
            <marc:subfield code="a">msc</marc:subfield>
          </marc:datafield>
          <marc:datafield tag="049" ind1=" " ind2=" ">
            <marc:subfield code="a">RRRR</marc:subfield>
          </marc:datafield>
          <marc:datafield tag="050" ind1="0" ind2="0">
            <marc:subfield code="a">Microfilm 01104 no. 40-42, 220-227 AP</marc:subfield>
          </marc:datafield>
          <marc:datafield tag="092" ind1=" " ind2=" ">
            <marc:subfield code="a">FM051</marc:subfield>
            <marc:subfield code="b">A51p2</marc:subfield>
          </marc:datafield>
          <marc:datafield tag="099" ind1=" " ind2=" ">
            <marc:subfield code="a">FILM </marc:subfield>
            <marc:subfield code="a"> Una191</marc:subfield>
            <marc:subfield code="a">40-42, 220-227.</marc:subfield>
          </marc:datafield>
          <marc:datafield tag="245" ind1="0" ind2="4">
            <marc:subfield code="a">The Port folio</marc:subfield>
            <marc:subfield code="h">[microform].</marc:subfield>
          </marc:datafield>
          <marc:datafield tag="260" ind1=" " ind2=" ">
            <marc:subfield code="a">Philadelphia :</marc:subfield>
            <marc:subfield code="b">[The Editor and Asbury Dickens],</marc:subfield>
            <marc:subfield code="c">1801-</marc:subfield>
          </marc:datafield>
          <marc:datafield tag="300" ind1=" " ind2=" ">
            <marc:subfield code="a">37 v. ;</marc:subfield>
            <marc:subfield code="c">34 cm.</marc:subfield>
          </marc:datafield>
          <marc:datafield tag="310" ind1=" " ind2=" ">
            <marc:subfield code="a">Quarterly,</marc:subfield>
            <marc:subfield code="b">1820-1821</marc:subfield>
          </marc:datafield>
          <marc:datafield tag="321" ind1=" " ind2=" ">
            <marc:subfield code="a">Weekly,</marc:subfield>
            <marc:subfield code="b">1801-1808</marc:subfield>
          </marc:datafield>
          <marc:datafield tag="321" ind1=" " ind2=" ">
            <marc:subfield code="a">Monthly,</marc:subfield>
            <marc:subfield code="b">1809-1819</marc:subfield>
          </marc:datafield>
          <marc:datafield tag="362" ind1="0" ind2=" ">
            <marc:subfield code="a">Vol. 1, no. 1 (Jan. 3, 1801)-v. 5 (Dec. 28, 1805); new ser., v. 1 (Jan. 11, 1806)-v. 6 (Dec. 24, 1808); new ser., v. 1 (Jan. 1809)-v. 8 (Dec. 1812); 3rd ser., v. 1 (Jan. 1813)-v. 6 (Dec. 1815); 4th ser., v. 1 (Jan. 1816)-v. 12, no. 2 (Dec. 1821).</marc:subfield>
          </marc:datafield>
          <marc:datafield tag="500" ind1=" " ind2=" ">
            <marc:subfield code="a">Title from caption.</marc:subfield>
          </marc:datafield>
          <marc:datafield tag="500" ind1=" " ind2=" ">
            <marc:subfield code="a">Founded by Joseph Dennie in connection with Asbury Dickens and ed. by Dennie until 1812.</marc:subfield>
          </marc:datafield>
          <marc:datafield tag="500" ind1=" " ind2=" ">
            <marc:subfield code="a">Edited by Oliver Oldschool, pseud., J. Hall, et al.</marc:subfield>
          </marc:datafield>
          <marc:datafield tag="533" ind1=" " ind2=" ">
            <marc:subfield code="a">Microfilm.</marc:subfield>
            <marc:subfield code="b">Ann Arbor, Mich., :</marc:subfield>
            <marc:subfield code="c">University Microfilms,</marc:subfield>
            <marc:subfield code="d">1946, 1952.</marc:subfield>
            <marc:subfield code="e">11 microfilm reels ; 35 mm.</marc:subfield>
            <marc:subfield code="f">(American periodical series, 1800-1850 ; 40-42, 220-227)</marc:subfield>
          </marc:datafield>
          <marc:datafield tag="555" ind1=" " ind2=" ">
            <marc:subfield code="a">Index for 4th [i.e. 5th] ser., v. 1-20, 1816-25, with v. 20 (1825)</marc:subfield>
          </marc:datafield>
          <marc:datafield tag="700" ind1="1" ind2=" ">
            <marc:subfield code="a">Dennie, Joseph,</marc:subfield>
            <marc:subfield code="d">1768-1812.</marc:subfield>
          </marc:datafield>
          <marc:datafield tag="700" ind1="1" ind2=" ">
            <marc:subfield code="a">Hall, John E.</marc:subfield>
            <marc:subfield code="q">(John Elihu),</marc:subfield>
            <marc:subfield code="d">1783-1829.</marc:subfield>
          </marc:datafield>
          <marc:datafield tag="776" ind1="1" ind2=" ">
            <marc:subfield code="t">Port folio</marc:subfield>
            <marc:subfield code="w">(OCoLC)6594597</marc:subfield>
          </marc:datafield>
          <marc:datafield tag="785" ind1="0" ind2="0">
            <marc:subfield code="t">Port folio, and New York monthly magazine</marc:subfield>
            <marc:subfield code="w">(OCoLC)11338527</marc:subfield>
            <marc:subfield code="w">(DLC)sf 88091512</marc:subfield>
          </marc:datafield>
          <marc:datafield tag="830" ind1=" " ind2="0">
            <marc:subfield code="a">American periodical series, 1800-1850 ;</marc:subfield>
            <marc:subfield code="v">40-42, 220-227.</marc:subfield>
          </marc:datafield>
          <marc:datafield tag="890" ind1=" " ind2=" ">
            <marc:subfield code="a">The Port folio.</marc:subfield>
          </marc:datafield>
        </marc:record>
      </metadata>
    </record>