
    <record>
      <header>
        <identifier>oai:library.rochester.edu:URVoyager1/360</identifier>
        <datestamp>2011-03-23T15:43:35Z</datestamp>
        <setSpec>bib</setSpec>
      </header>
      <metadata>
        <marc:record xmlns:marc="http://www.loc.gov/MARC21/slim" xmlns:xsi="http://www.w3.org/2001/XMLSchema-instance" xsi:schemaLocation="http://www.loc.gov/MARC21/slim http://128.151.244.137:8080/OAIToolkit_demo_175/schema/MARC21slim_custom.xsd">
          <marc:leader>01710cas a2200349 a 4500</marc:leader>
          <marc:controlfield tag="001">1345623</marc:controlfield>
          <marc:controlfield tag="007">hduafv---baca</marc:controlfield>
          <marc:controlfield tag="008">820611u1810uuuumiuuu   a     0   a0eng d</marc:controlfield>
          <marc:datafield tag="010" ind1=" " ind2=" ">
            <marc:subfield code="a">sf 88093582 </marc:subfield>
          </marc:datafield>
          <marc:datafield tag="011" ind1=" " ind2=" ">
            <marc:subfield code="a">06-6391</marc:subfield>
          </marc:datafield>
          <marc:datafield tag="035" ind1=" " ind2=" ">
            <marc:subfield code="9">ocm08513404</marc:subfield>
          </marc:datafield>
          <marc:datafield tag="040" ind1=" " ind2=" ">
            <marc:subfield code="a">MUU</marc:subfield>
            <marc:subfield code="c">MUU</marc:subfield>
            <marc:subfield code="d">PES</marc:subfield>
            <marc:subfield code="d">DLC</marc:subfield>
          </marc:datafield>
          <marc:datafield tag="042" ind1=" " ind2=" ">
            <marc:subfield code="a">lcd</marc:subfield>
          </marc:datafield>
          <marc:datafield tag="049" ind1=" " ind2=" ">
            <marc:subfield code="a">RRRR</marc:subfield>
          </marc:datafield>
          <marc:datafield tag="050" ind1="0" ind2="0">
            <marc:subfield code="a">Microfilm 01104 no. 770 AP</marc:subfield>
          </marc:datafield>
          <marc:datafield tag="099" ind1=" " ind2=" ">
            <marc:subfield code="a">FILM </marc:subfield>
            <marc:subfield code="a"> Una191</marc:subfield>
            <marc:subfield code="a">770.</marc:subfield>
          </marc:datafield>
          <marc:datafield tag="110" ind1="2" ind2=" ">
            <marc:subfield code="a">Connecticut Academy of Arts and Sciences.</marc:subfield>
          </marc:datafield>
          <marc:datafield tag="245" ind1="1" ind2="0">
            <marc:subfield code="a">Memoirs of the Connecticut Academy of Arts and Sciences</marc:subfield>
            <marc:subfield code="h">[microform].</marc:subfield>
          </marc:datafield>
          <marc:datafield tag="260" ind1=" " ind2=" ">
            <marc:subfield code="a">New Haven :</marc:subfield>
            <marc:subfield code="b">[The Academy],</marc:subfield>
            <marc:subfield code="c">1810-</marc:subfield>
          </marc:datafield>
          <marc:datafield tag="300" ind1=" " ind2=" ">
            <marc:subfield code="a">v. :</marc:subfield>
            <marc:subfield code="b">ill., plates (part col.) map, tables, diagrs. ;</marc:subfield>
            <marc:subfield code="c">23-30 cm.</marc:subfield>
          </marc:datafield>
          <marc:datafield tag="362" ind1="0" ind2=" ">
            <marc:subfield code="a">Vol. 1, pt. 1-</marc:subfield>
          </marc:datafield>
          <marc:datafield tag="515" ind1=" " ind2=" ">
            <marc:subfield code="a">Vol. 1 comprises 4 parts (412 p.) 8, published 1810-16.</marc:subfield>
          </marc:datafield>
          <marc:datafield tag="533" ind1=" " ind2=" ">
            <marc:subfield code="a">Microfilm.</marc:subfield>
            <marc:subfield code="b">Ann Arbor, Mich. :</marc:subfield>
            <marc:subfield code="c">University Microfilms.</marc:subfield>
            <marc:subfield code="e">1 microfilm reel ; 35 mm.</marc:subfield>
            <marc:subfield code="f">(American periodical series, 1800-1850 ; 770)</marc:subfield>
          </marc:datafield>
          <marc:datafield tag="550" ind1=" " ind2=" ">
            <marc:subfield code="a">Vols. 2-    published under the auspices of Yale University.</marc:subfield>
          </marc:datafield>
          <marc:datafield tag="580" ind1=" " ind2=" ">
            <marc:subfield code="a">Papers read before the Academy appeared chiefly in the American journal of science from 1818 until the commencement of the series of Transactions in 1866. The publication of the Memoirs was resumed in July 1910, in 4.</marc:subfield>
          </marc:datafield>
          <marc:datafield tag="710" ind1="2" ind2=" ">
            <marc:subfield code="a">Yale University.</marc:subfield>
          </marc:datafield>
          <marc:datafield tag="776" ind1="1" ind2=" ">
            <marc:subfield code="a">Connecticut Academy of Arts and Sciences.</marc:subfield>
            <marc:subfield code="t">Memoirs of the Connecticut Academy of Arts and Sciences</marc:subfield>
            <marc:subfield code="w">(OCoLC)1564846</marc:subfield>
          </marc:datafield>
          <marc:datafield tag="787" ind1="1" ind2=" ">
            <marc:subfield code="t">American journal of science</marc:subfield>
            <marc:subfield code="g">1818-1865</marc:subfield>
          </marc:datafield>
          <marc:datafield tag="787" ind1="1" ind2=" ">
            <marc:subfield code="a">Connecticut Academy of Arts and Sciences.</marc:subfield>
            <marc:subfield code="t">Transactions</marc:subfield>
            <marc:subfield code="g">1866-1909</marc:subfield>
          </marc:datafield>
          <marc:datafield tag="830" ind1=" " ind2="0">
            <marc:subfield code="a">American periodical series, 1800-1850 ;</marc:subfield>
            <marc:subfield code="v">770.</marc:subfield>
          </marc:datafield>
          <marc:datafield tag="890" ind1=" " ind2=" ">
            <marc:subfield code="a">Connecticut Academy of Arts and Sciences.  Memoirs of the Connecticut Academy of Arts and Sciences.</marc:subfield>
          </marc:datafield>
          <marc:datafield tag="910" ind1=" " ind2=" ">
            <marc:subfield code="a">19961012095704.0</marc:subfield>
          </marc:datafield>
        </marc:record>
      </metadata>
    </record>