
    <record>
      <header>
        <identifier>oai:library.rochester.edu:URVoyager1/366</identifier>
        <datestamp>2011-03-23T15:43:35Z</datestamp>
        <setSpec>bib</setSpec>
      </header>
      <metadata>
        <marc:record xmlns:marc="http://www.loc.gov/MARC21/slim" xmlns:xsi="http://www.w3.org/2001/XMLSchema-instance" xsi:schemaLocation="http://www.loc.gov/MARC21/slim http://128.151.244.137:8080/OAIToolkit_demo_175/schema/MARC21slim_custom.xsd">
          <marc:leader>01301cam a2200337 a 4500</marc:leader>
          <marc:controlfield tag="001">1564330</marc:controlfield>
          <marc:controlfield tag="005">20010526155028.0</marc:controlfield>
          <marc:controlfield tag="008">960911s1996    nyua     b   i100 0 eng d</marc:controlfield>
          <marc:datafield tag="010" ind1=" " ind2=" ">
            <marc:subfield code="a">   96192894 </marc:subfield>
          </marc:datafield>
          <marc:datafield tag="019" ind1=" " ind2=" ">
            <marc:subfield code="a">35048580</marc:subfield>
          </marc:datafield>
          <marc:datafield tag="035" ind1=" " ind2=" ">
            <marc:subfield code="a">(OCoLC)35028055</marc:subfield>
          </marc:datafield>
          <marc:datafield tag="035" ind1=" " ind2=" ">
            <marc:subfield code="a">1564330</marc:subfield>
          </marc:datafield>
          <marc:datafield tag="040" ind1=" " ind2=" ">
            <marc:subfield code="a">DJBF</marc:subfield>
            <marc:subfield code="c">DLC</marc:subfield>
            <marc:subfield code="d">DJB</marc:subfield>
            <marc:subfield code="d">HLS</marc:subfield>
            <marc:subfield code="d">UIU</marc:subfield>
            <marc:subfield code="d">FCI</marc:subfield>
          </marc:datafield>
          <marc:datafield tag="042" ind1=" " ind2=" ">
            <marc:subfield code="a">lccopycat</marc:subfield>
          </marc:datafield>
          <marc:datafield tag="049" ind1=" " ind2=" ">
            <marc:subfield code="a">RRRR</marc:subfield>
          </marc:datafield>
          <marc:datafield tag="050" ind1="0" ind2="0">
            <marc:subfield code="a">HQ1106</marc:subfield>
            <marc:subfield code="b">.B45 1996</marc:subfield>
          </marc:datafield>
          <marc:datafield tag="082" ind1="0" ind2="0">
            <marc:subfield code="a">305.42</marc:subfield>
            <marc:subfield code="2">21</marc:subfield>
          </marc:datafield>
          <marc:datafield tag="245" ind1="0" ind2="4">
            <marc:subfield code="a">The Beijing Declaration ;</marc:subfield>
            <marc:subfield code="b">and, The Platform for Action : Fourth World Conference on Women, Beijing, China, 4-15 September 1995.</marc:subfield>
          </marc:datafield>
          <marc:datafield tag="246" ind1="1" ind2="8">
            <marc:subfield code="a">Women :</marc:subfield>
            <marc:subfield code="b">Platform for Action and the Beijing Declaration</marc:subfield>
          </marc:datafield>
          <marc:datafield tag="260" ind1=" " ind2=" ">
            <marc:subfield code="a">New York :</marc:subfield>
            <marc:subfield code="b">Dept. of Public Information, United Nations,</marc:subfield>
            <marc:subfield code="c">1996.</marc:subfield>
          </marc:datafield>
          <marc:datafield tag="300" ind1=" " ind2=" ">
            <marc:subfield code="a">178 p. :</marc:subfield>
            <marc:subfield code="b">ill. ;</marc:subfield>
            <marc:subfield code="c">22 cm.</marc:subfield>
          </marc:datafield>
          <marc:datafield tag="500" ind1=" " ind2=" ">
            <marc:subfield code="a">"February 1996"--T.p. verso.</marc:subfield>
          </marc:datafield>
          <marc:datafield tag="504" ind1=" " ind2=" ">
            <marc:subfield code="a">Includes bibliographical references.</marc:subfield>
          </marc:datafield>
          <marc:datafield tag="611" ind1="2" ind2="0">
            <marc:subfield code="a">World Conference on Women</marc:subfield>
            <marc:subfield code="n">(4th :</marc:subfield>
            <marc:subfield code="d">1995 :</marc:subfield>
            <marc:subfield code="c">Beijing, China)</marc:subfield>
          </marc:datafield>
          <marc:datafield tag="650" ind1=" " ind2="0">
            <marc:subfield code="a">Women</marc:subfield>
            <marc:subfield code="x">Social conditions</marc:subfield>
            <marc:subfield code="v">Congresses.</marc:subfield>
          </marc:datafield>
          <marc:datafield tag="650" ind1=" " ind2="0">
            <marc:subfield code="a">Women's rights</marc:subfield>
            <marc:subfield code="x">International cooperation</marc:subfield>
            <marc:subfield code="v">Congresses.</marc:subfield>
          </marc:datafield>
          <marc:datafield tag="650" ind1=" " ind2="0">
            <marc:subfield code="a">Women in development</marc:subfield>
            <marc:subfield code="x">International cooperation</marc:subfield>
            <marc:subfield code="v">Congresses.</marc:subfield>
          </marc:datafield>
          <marc:datafield tag="710" ind1="2" ind2=" ">
            <marc:subfield code="a">United Nations.</marc:subfield>
            <marc:subfield code="b">Dept. of Public Information.</marc:subfield>
          </marc:datafield>
          <marc:datafield tag="711" ind1="2" ind2=" ">
            <marc:subfield code="a">World Conference on Women</marc:subfield>
            <marc:subfield code="n">(4th :</marc:subfield>
            <marc:subfield code="d">1995 :</marc:subfield>
            <marc:subfield code="c">Beijing, China)</marc:subfield>
          </marc:datafield>
          <marc:datafield tag="740" ind1="0" ind2=" ">
            <marc:subfield code="a">Platform for Action.</marc:subfield>
          </marc:datafield>
          <marc:datafield tag="945" ind1=" " ind2=" ">
            <marc:subfield code="a">MARS</marc:subfield>
          </marc:datafield>
        </marc:record>
      </metadata>
    </record>