
    <record>
      <header>
        <identifier>oai:library.rochester.edu:URVoyager1/374</identifier>
        <datestamp>2011-03-23T15:43:35Z</datestamp>
        <setSpec>bib</setSpec>
      </header>
      <metadata>
        <marc:record xmlns:marc="http://www.loc.gov/MARC21/slim" xmlns:xsi="http://www.w3.org/2001/XMLSchema-instance" xsi:schemaLocation="http://www.loc.gov/MARC21/slim http://128.151.244.137:8080/OAIToolkit_demo_175/schema/MARC21slim_custom.xsd">
          <marc:leader>01545cam a2200385 a 4500</marc:leader>
          <marc:controlfield tag="001">1781042</marc:controlfield>
          <marc:controlfield tag="005">20060404115346.0</marc:controlfield>
          <marc:controlfield tag="008">000421s1999    miu      b    000 0 eng  </marc:controlfield>
          <marc:datafield tag="010" ind1=" " ind2=" ">
            <marc:subfield code="a">   98031520 </marc:subfield>
          </marc:datafield>
          <marc:datafield tag="020" ind1=" " ind2=" ">
            <marc:subfield code="a">1580440169 (alk. paper)</marc:subfield>
          </marc:datafield>
          <marc:datafield tag="035" ind1=" " ind2=" ">
            <marc:subfield code="a">(OCoLC)39982173</marc:subfield>
          </marc:datafield>
          <marc:datafield tag="035" ind1=" " ind2=" ">
            <marc:subfield code="a">1781042</marc:subfield>
          </marc:datafield>
          <marc:datafield tag="040" ind1=" " ind2=" ">
            <marc:subfield code="a">DLC</marc:subfield>
            <marc:subfield code="c">DLC</marc:subfield>
          </marc:datafield>
          <marc:datafield tag="041" ind1="0" ind2=" ">
            <marc:subfield code="a">enmeng</marc:subfield>
          </marc:datafield>
          <marc:datafield tag="049" ind1=" " ind2=" ">
            <marc:subfield code="a">RRRR</marc:subfield>
          </marc:datafield>
          <marc:datafield tag="050" ind1="0" ind2="0">
            <marc:subfield code="a">PR2063.M34</marc:subfield>
            <marc:subfield code="b">A8 1999</marc:subfield>
          </marc:datafield>
          <marc:datafield tag="082" ind1="0" ind2="0">
            <marc:subfield code="a">821/.2</marc:subfield>
            <marc:subfield code="2">21</marc:subfield>
          </marc:datafield>
          <marc:datafield tag="100" ind1="1" ind2=" ">
            <marc:subfield code="a">Metham, John,</marc:subfield>
            <marc:subfield code="d">fl. 1448.</marc:subfield>
          </marc:datafield>
          <marc:datafield tag="245" ind1="1" ind2="0">
            <marc:subfield code="a">Amoryus and Cleopes /</marc:subfield>
            <marc:subfield code="c">John Metham ; edited by Stephen F. Page.</marc:subfield>
          </marc:datafield>
          <marc:datafield tag="260" ind1=" " ind2=" ">
            <marc:subfield code="a">Kalamazoo, Mich. :</marc:subfield>
            <marc:subfield code="b">Published for TEAMS (the Consortium for the Teaching Of the Middle Ages) in association with the University of Rochester by Medieval Institute Publications,</marc:subfield>
            <marc:subfield code="c">1999.</marc:subfield>
          </marc:datafield>
          <marc:datafield tag="300" ind1=" " ind2=" ">
            <marc:subfield code="a">viii, 142 p. ;</marc:subfield>
            <marc:subfield code="c">26 cm.</marc:subfield>
          </marc:datafield>
          <marc:datafield tag="490" ind1="1" ind2=" ">
            <marc:subfield code="a">Middle English texts</marc:subfield>
          </marc:datafield>
          <marc:datafield tag="504" ind1=" " ind2=" ">
            <marc:subfield code="a">Includes bibliographical references (p. 27-29).</marc:subfield>
          </marc:datafield>
          <marc:datafield tag="530" ind1=" " ind2=" ">
            <marc:subfield code="a">Also available via the Internet.</marc:subfield>
          </marc:datafield>
          <marc:datafield tag="541" ind1=" " ind2=" ">
            <marc:subfield code="c">Rhees copy purchased by The Morgan John Rhees ('21) Fund.</marc:subfield>
          </marc:datafield>
          <marc:datafield tag="650" ind1=" " ind2="0">
            <marc:subfield code="a">Pyramus (Legendary character)</marc:subfield>
            <marc:subfield code="x">Romances</marc:subfield>
            <marc:subfield code="v">Adaptations.</marc:subfield>
          </marc:datafield>
          <marc:datafield tag="650" ind1=" " ind2="0">
            <marc:subfield code="a">Thisbe (Legendary character)</marc:subfield>
            <marc:subfield code="x">Romances</marc:subfield>
            <marc:subfield code="v">Adaptations.</marc:subfield>
          </marc:datafield>
          <marc:datafield tag="650" ind1=" " ind2="0">
            <marc:subfield code="a">Romances, English.</marc:subfield>
          </marc:datafield>
          <marc:datafield tag="700" ind1="1" ind2=" ">
            <marc:subfield code="a">Page, Stephen F.,</marc:subfield>
            <marc:subfield code="d">1951-</marc:subfield>
          </marc:datafield>
          <marc:datafield tag="830" ind1=" " ind2="0">
            <marc:subfield code="a">Middle English texts (Kalamazoo, Mich.)</marc:subfield>
          </marc:datafield>
          <marc:datafield tag="856" ind1="4" ind2="1">
            <marc:subfield code="u">http://www.lib.rochester.edu/camelot/teams/page.htm</marc:subfield>
          </marc:datafield>
          <marc:datafield tag="945" ind1=" " ind2=" ">
            <marc:subfield code="a">MARS</marc:subfield>
          </marc:datafield>
          <marc:datafield tag="956" ind1="4" ind2="2">
            <marc:subfield code="3">Rhees copy purchased by The Morgan John Rhees ('21) Fund.</marc:subfield>
            <marc:subfield code="u">http://www.library.rochester.edu/index.cfm?page=funds&amp;fund=rhees, morgan john</marc:subfield>
          </marc:datafield>
          <marc:datafield tag="994" ind1=" " ind2=" ">
            <marc:subfield code="a">E0</marc:subfield>
            <marc:subfield code="b">RRR</marc:subfield>
          </marc:datafield>
          <marc:datafield tag="999" ind1=" " ind2=" ">
            <marc:subfield code="a">Text data RCL Internet</marc:subfield>
          </marc:datafield>
        </marc:record>
      </metadata>
    </record>