
    <record>
      <header>
        <identifier>oai:library.rochester.edu:URVoyager1/379</identifier>
        <datestamp>2011-03-23T15:43:35Z</datestamp>
        <setSpec>bib</setSpec>
      </header>
      <metadata>
        <marc:record xmlns:marc="http://www.loc.gov/MARC21/slim" xmlns:xsi="http://www.w3.org/2001/XMLSchema-instance" xsi:schemaLocation="http://www.loc.gov/MARC21/slim http://128.151.244.137:8080/OAIToolkit_demo_175/schema/MARC21slim_custom.xsd">
          <marc:leader>01686cas a2200433   4500</marc:leader>
          <marc:controlfield tag="001">21515</marc:controlfield>
          <marc:controlfield tag="005">20080619160225.0</marc:controlfield>
          <marc:controlfield tag="008">780912c19779999inufr p       0   a0eng d</marc:controlfield>
          <marc:datafield tag="010" ind1=" " ind2=" ">
            <marc:subfield code="a">   80645056 </marc:subfield>
          </marc:datafield>
          <marc:datafield tag="012" ind1=" " ind2=" ">
            <marc:subfield code="a">2</marc:subfield>
            <marc:subfield code="b">3</marc:subfield>
          </marc:datafield>
          <marc:datafield tag="022" ind1="0" ind2=" ">
            <marc:subfield code="a">0271-8022</marc:subfield>
            <marc:subfield code="2">1</marc:subfield>
          </marc:datafield>
          <marc:datafield tag="029" ind1="1" ind2=" ">
            <marc:subfield code="a">AU@</marc:subfield>
            <marc:subfield code="b">000001921621</marc:subfield>
          </marc:datafield>
          <marc:datafield tag="035" ind1=" " ind2=" ">
            <marc:subfield code="a">(OCoLC)ocm04216235</marc:subfield>
          </marc:datafield>
          <marc:datafield tag="035" ind1=" " ind2=" ">
            <marc:subfield code="a">(OCoLC)4216235</marc:subfield>
          </marc:datafield>
          <marc:datafield tag="037" ind1=" " ind2=" ">
            <marc:subfield code="b">Indiana Theory Review, Room 041 Sycamore Hall, Indiana University School of Music, Bloomington, IN 47401</marc:subfield>
          </marc:datafield>
          <marc:datafield tag="040" ind1=" " ind2=" ">
            <marc:subfield code="a">IUL</marc:subfield>
            <marc:subfield code="c">IUL</marc:subfield>
            <marc:subfield code="d">DLC</marc:subfield>
            <marc:subfield code="d">NSD</marc:subfield>
            <marc:subfield code="d">DLC</marc:subfield>
            <marc:subfield code="d">NST</marc:subfield>
            <marc:subfield code="d">AIP</marc:subfield>
            <marc:subfield code="d">NST</marc:subfield>
            <marc:subfield code="d">OCL</marc:subfield>
            <marc:subfield code="d">NST</marc:subfield>
            <marc:subfield code="d">OCL</marc:subfield>
            <marc:subfield code="d">SYS</marc:subfield>
            <marc:subfield code="d">OCLCQ</marc:subfield>
            <marc:subfield code="d">LVB</marc:subfield>
          </marc:datafield>
          <marc:datafield tag="042" ind1=" " ind2=" ">
            <marc:subfield code="a">lc</marc:subfield>
            <marc:subfield code="a">nsdp</marc:subfield>
          </marc:datafield>
          <marc:datafield tag="049" ind1=" " ind2=" ">
            <marc:subfield code="a">RESM</marc:subfield>
          </marc:datafield>
          <marc:datafield tag="050" ind1="0" ind2="0">
            <marc:subfield code="a">MT6</marc:subfield>
            <marc:subfield code="b">.I52</marc:subfield>
          </marc:datafield>
          <marc:datafield tag="082" ind1=" " ind2=" ">
            <marc:subfield code="a">781/.05</marc:subfield>
          </marc:datafield>
          <marc:datafield tag="210" ind1="0" ind2=" ">
            <marc:subfield code="a">Indiana theory rev.</marc:subfield>
          </marc:datafield>
          <marc:datafield tag="222" ind1=" " ind2="0">
            <marc:subfield code="a">Indiana theory review</marc:subfield>
          </marc:datafield>
          <marc:datafield tag="245" ind1="0" ind2="0">
            <marc:subfield code="a">Indiana theory review.</marc:subfield>
          </marc:datafield>
          <marc:datafield tag="260" ind1=" " ind2=" ">
            <marc:subfield code="a">[Bloomington, Ind.,</marc:subfield>
            <marc:subfield code="b">Graduate Theory Association, School of Music, Indiana University]</marc:subfield>
          </marc:datafield>
          <marc:datafield tag="300" ind1=" " ind2=" ">
            <marc:subfield code="a">v.</marc:subfield>
            <marc:subfield code="c">25 cm.</marc:subfield>
          </marc:datafield>
          <marc:datafield tag="310" ind1=" " ind2=" ">
            <marc:subfield code="a">2 issues a year</marc:subfield>
            <marc:subfield code="b">1986-</marc:subfield>
          </marc:datafield>
          <marc:datafield tag="321" ind1=" " ind2=" ">
            <marc:subfield code="a">Three issues a year</marc:subfield>
          </marc:datafield>
          <marc:datafield tag="362" ind1="0" ind2=" ">
            <marc:subfield code="a">v. 1- Sept. 1977-</marc:subfield>
          </marc:datafield>
          <marc:datafield tag="650" ind1=" " ind2="0">
            <marc:subfield code="a">Music theory</marc:subfield>
            <marc:subfield code="v">Periodicals.</marc:subfield>
          </marc:datafield>
          <marc:datafield tag="710" ind1="2" ind2=" ">
            <marc:subfield code="a">Indiana University, Bloomington.</marc:subfield>
            <marc:subfield code="b">School of Music.</marc:subfield>
            <marc:subfield code="b">Graduate Theory Association.</marc:subfield>
          </marc:datafield>
          <marc:datafield tag="850" ind1=" " ind2=" ">
            <marc:subfield code="a">CSt</marc:subfield>
            <marc:subfield code="a">CStclU</marc:subfield>
            <marc:subfield code="a">CU-Riv</marc:subfield>
            <marc:subfield code="a">CU-S</marc:subfield>
            <marc:subfield code="a">CaAEU</marc:subfield>
            <marc:subfield code="a">CaBVaU</marc:subfield>
            <marc:subfield code="a">CaOWA</marc:subfield>
            <marc:subfield code="a">CaSSU</marc:subfield>
            <marc:subfield code="a">CoU</marc:subfield>
            <marc:subfield code="a">DLC</marc:subfield>
            <marc:subfield code="a">FU</marc:subfield>
            <marc:subfield code="a">ICU</marc:subfield>
            <marc:subfield code="a">IEN</marc:subfield>
            <marc:subfield code="a">KyLoU</marc:subfield>
            <marc:subfield code="a">KyU</marc:subfield>
            <marc:subfield code="a">LU</marc:subfield>
            <marc:subfield code="a">MBU</marc:subfield>
            <marc:subfield code="a">MNS</marc:subfield>
            <marc:subfield code="a">MdU</marc:subfield>
            <marc:subfield code="a">MiEM</marc:subfield>
            <marc:subfield code="a">MnU</marc:subfield>
            <marc:subfield code="a">MoSW</marc:subfield>
            <marc:subfield code="a">MoU</marc:subfield>
            <marc:subfield code="a">NIC</marc:subfield>
            <marc:subfield code="a">NNC</marc:subfield>
            <marc:subfield code="a">NcD</marc:subfield>
            <marc:subfield code="a">NcU</marc:subfield>
            <marc:subfield code="a">NjP</marc:subfield>
            <marc:subfield code="a">PPiC</marc:subfield>
            <marc:subfield code="a">PU</marc:subfield>
            <marc:subfield code="a">RPB</marc:subfield>
            <marc:subfield code="a">TxDaM</marc:subfield>
            <marc:subfield code="a">TxU</marc:subfield>
            <marc:subfield code="a">WvU</marc:subfield>
          </marc:datafield>
          <marc:datafield tag="891" ind1="3" ind2="3">
            <marc:subfield code="9">853</marc:subfield>
            <marc:subfield code="8">1</marc:subfield>
            <marc:subfield code="a">v.</marc:subfield>
            <marc:subfield code="b">no.</marc:subfield>
            <marc:subfield code="u">2</marc:subfield>
            <marc:subfield code="v">r</marc:subfield>
            <marc:subfield code="i">(year)</marc:subfield>
            <marc:subfield code="j">(season)</marc:subfield>
          </marc:datafield>
          <marc:datafield tag="891" ind1="4" ind2="0">
            <marc:subfield code="9">863</marc:subfield>
            <marc:subfield code="8">1</marc:subfield>
            <marc:subfield code="a">&lt;1&gt;</marc:subfield>
            <marc:subfield code="i">&lt;1977/1978&gt;</marc:subfield>
            <marc:subfield code="x">provisional</marc:subfield>
          </marc:datafield>
          <marc:datafield tag="891" ind1="3" ind2="3">
            <marc:subfield code="9">853</marc:subfield>
            <marc:subfield code="8">2</marc:subfield>
            <marc:subfield code="a">v.</marc:subfield>
            <marc:subfield code="b">no.</marc:subfield>
            <marc:subfield code="u">3</marc:subfield>
            <marc:subfield code="v">r</marc:subfield>
            <marc:subfield code="i">(year)</marc:subfield>
            <marc:subfield code="j">(season)</marc:subfield>
          </marc:datafield>
          <marc:datafield tag="891" ind1="4" ind2="0">
            <marc:subfield code="9">863</marc:subfield>
            <marc:subfield code="8">2</marc:subfield>
            <marc:subfield code="a">&lt;2&gt;-</marc:subfield>
            <marc:subfield code="i">&lt;1978/1979&gt;-</marc:subfield>
            <marc:subfield code="x">provisional</marc:subfield>
          </marc:datafield>
          <marc:datafield tag="891" ind1="3" ind2="3">
            <marc:subfield code="9">853</marc:subfield>
            <marc:subfield code="8">3</marc:subfield>
            <marc:subfield code="a">v.</marc:subfield>
            <marc:subfield code="b">no.</marc:subfield>
            <marc:subfield code="u">2</marc:subfield>
            <marc:subfield code="v">r</marc:subfield>
            <marc:subfield code="i">(year)</marc:subfield>
            <marc:subfield code="j">(season)</marc:subfield>
          </marc:datafield>
          <marc:datafield tag="891" ind1="4" ind2="0">
            <marc:subfield code="9">863</marc:subfield>
            <marc:subfield code="8">3</marc:subfield>
            <marc:subfield code="a">&lt;7&gt;-</marc:subfield>
            <marc:subfield code="i">&lt;1986&gt;-</marc:subfield>
            <marc:subfield code="x">provisional</marc:subfield>
          </marc:datafield>
          <marc:datafield tag="936" ind1=" " ind2=" ">
            <marc:subfield code="a">Sept. 1977</marc:subfield>
          </marc:datafield>
          <marc:datafield tag="994" ind1=" " ind2=" ">
            <marc:subfield code="a">C0</marc:subfield>
            <marc:subfield code="b">RES</marc:subfield>
          </marc:datafield>
        </marc:record>
      </metadata>
    </record>