
    <record>
      <header>
        <identifier>oai:library.rochester.edu:URVoyager1/382</identifier>
        <datestamp>2011-03-23T15:43:35Z</datestamp>
        <setSpec>bib</setSpec>
      </header>
      <metadata>
        <marc:record xmlns:marc="http://www.loc.gov/MARC21/slim" xmlns:xsi="http://www.w3.org/2001/XMLSchema-instance" xsi:schemaLocation="http://www.loc.gov/MARC21/slim http://128.151.244.137:8080/OAIToolkit_demo_175/schema/MARC21slim_custom.xsd">
          <marc:leader>02723cgm a2200565Ka 4500</marc:leader>
          <marc:controlfield tag="001">2386823</marc:controlfield>
          <marc:controlfield tag="005">20060410161733.0</marc:controlfield>
          <marc:controlfield tag="007">vd cgahzu</marc:controlfield>
          <marc:controlfield tag="008">011116p20012000nyu696            vleng d</marc:controlfield>
          <marc:datafield tag="020" ind1=" " ind2=" ">
            <marc:subfield code="a">0783119364</marc:subfield>
          </marc:datafield>
          <marc:datafield tag="028" ind1="4" ind2="0">
            <marc:subfield code="a">99247</marc:subfield>
            <marc:subfield code="b">HBO Home Video</marc:subfield>
          </marc:datafield>
          <marc:datafield tag="035" ind1=" " ind2=" ">
            <marc:subfield code="a">(OCoLC)ocm48448172</marc:subfield>
          </marc:datafield>
          <marc:datafield tag="035" ind1=" " ind2=" ">
            <marc:subfield code="a">2386823</marc:subfield>
          </marc:datafield>
          <marc:datafield tag="040" ind1=" " ind2=" ">
            <marc:subfield code="a">VIA</marc:subfield>
            <marc:subfield code="c">VIA</marc:subfield>
            <marc:subfield code="d">OCLCQ</marc:subfield>
          </marc:datafield>
          <marc:datafield tag="041" ind1="1" ind2=" ">
            <marc:subfield code="a">engfrespa</marc:subfield>
            <marc:subfield code="h">eng</marc:subfield>
            <marc:subfield code="g">eng</marc:subfield>
          </marc:datafield>
          <marc:datafield tag="049" ind1=" " ind2=" ">
            <marc:subfield code="a">RRRR</marc:subfield>
          </marc:datafield>
          <marc:datafield tag="090" ind1=" " ind2=" ">
            <marc:subfield code="a">PN1992.8.D7</marc:subfield>
            <marc:subfield code="b">S677 2001</marc:subfield>
          </marc:datafield>
          <marc:datafield tag="092" ind1=" " ind2=" ">
            <marc:subfield code="a">791.4572</marc:subfield>
          </marc:datafield>
          <marc:datafield tag="245" ind1="0" ind2="4">
            <marc:subfield code="a">The Sopranos</marc:subfield>
            <marc:subfield code="h">[videorecording].</marc:subfield>
            <marc:subfield code="p">[Second season] /</marc:subfield>
            <marc:subfield code="c">a Brad Grey Television production ; producer, Martin Bruestle, Allen Coulter, Ilene S. Landress ; directed by Allen Coulter, John Patterson.</marc:subfield>
          </marc:datafield>
          <marc:datafield tag="246" ind1="1" ind2=" ">
            <marc:subfield code="i">Title on disc:</marc:subfield>
            <marc:subfield code="a">Sopranos, the complete second season</marc:subfield>
          </marc:datafield>
          <marc:datafield tag="260" ind1=" " ind2=" ">
            <marc:subfield code="a">New York :</marc:subfield>
            <marc:subfield code="b">HBO Home Video,</marc:subfield>
            <marc:subfield code="c">[2001]</marc:subfield>
          </marc:datafield>
          <marc:datafield tag="300" ind1=" " ind2=" ">
            <marc:subfield code="a">4 videodiscs (696 min.) :</marc:subfield>
            <marc:subfield code="b">sd., col. ;</marc:subfield>
            <marc:subfield code="c">4 3/4 in.</marc:subfield>
          </marc:datafield>
          <marc:datafield tag="505" ind1="0" ind2=" ">
            <marc:subfield code="a">Episode 1. Guy walks into a psychiatrit's office -- Episode 2. Do not resuscitate -- Episode 3. Toodle-fucking-do -- Episode 4. Commendatori -- Episode 5. Big girls don't cry -- Episode 6. the happy wanderer -- Episode 7. D-girl -- Episode 8. Full leather jacket -- Episode 9. From where to eternity -- Episode 10. Bust out -- Episode 11. House arrest -- Episode 12. The knight in white satin armor -- Episode 13. Funhouse -- The Sopranos special features (2 featurettes).</marc:subfield>
          </marc:datafield>
          <marc:datafield tag="508" ind1=" " ind2=" ">
            <marc:subfield code="a">Director of photography, Phil Abraham ; editor, Sidney Wolinsky.</marc:subfield>
          </marc:datafield>
          <marc:datafield tag="511" ind1="1" ind2=" ">
            <marc:subfield code="a">James Gandolfini, Lorraine Bracco, Edie Falco, Michael Imperioli, Dominic Chianese, Vincent Pastore, Steven Van Zandt, Tony Siricio, Robert Iler, Jamie-Lynn Sigler, Drea de Matteo.</marc:subfield>
          </marc:datafield>
          <marc:datafield tag="518" ind1=" " ind2=" ">
            <marc:subfield code="a">Originally televised in 2000 on HBO.</marc:subfield>
          </marc:datafield>
          <marc:datafield tag="520" ind1=" " ind2=" ">
            <marc:subfield code="a">Tony Soprano is a middle-class businessman with a wife, a daughter, a son, and an elderly mother. He's also a mob boss.</marc:subfield>
          </marc:datafield>
          <marc:datafield tag="521" ind1=" " ind2=" ">
            <marc:subfield code="a">Not rated.</marc:subfield>
          </marc:datafield>
          <marc:datafield tag="538" ind1=" " ind2=" ">
            <marc:subfield code="a">DVD.</marc:subfield>
          </marc:datafield>
          <marc:datafield tag="546" ind1=" " ind2=" ">
            <marc:subfield code="a">English Dolby 5.1, Spanish and French stereo ; closed captioned.</marc:subfield>
          </marc:datafield>
          <marc:datafield tag="650" ind1=" " ind2="0">
            <marc:subfield code="a">Mafia</marc:subfield>
            <marc:subfield code="z">United States</marc:subfield>
            <marc:subfield code="v">Drama.</marc:subfield>
          </marc:datafield>
          <marc:datafield tag="655" ind1=" " ind2="7">
            <marc:subfield code="a">Drama.</marc:subfield>
            <marc:subfield code="2">UR</marc:subfield>
          </marc:datafield>
          <marc:datafield tag="655" ind1=" " ind2="7">
            <marc:subfield code="a">Video recordings for the hearing impaired.</marc:subfield>
            <marc:subfield code="2">lcsh</marc:subfield>
          </marc:datafield>
          <marc:datafield tag="700" ind1="1" ind2=" ">
            <marc:subfield code="a">Gandolfini, James.</marc:subfield>
            <marc:subfield code="4">act</marc:subfield>
          </marc:datafield>
          <marc:datafield tag="700" ind1="1" ind2=" ">
            <marc:subfield code="a">Bracco, Lorraine,</marc:subfield>
            <marc:subfield code="d">1955-</marc:subfield>
            <marc:subfield code="4">act</marc:subfield>
          </marc:datafield>
          <marc:datafield tag="700" ind1="1" ind2=" ">
            <marc:subfield code="a">Falco, Edie.</marc:subfield>
            <marc:subfield code="4">act</marc:subfield>
          </marc:datafield>
          <marc:datafield tag="700" ind1="1" ind2=" ">
            <marc:subfield code="a">Imperioli, Michael,</marc:subfield>
            <marc:subfield code="d">1966-</marc:subfield>
            <marc:subfield code="4">act</marc:subfield>
          </marc:datafield>
          <marc:datafield tag="700" ind1="1" ind2=" ">
            <marc:subfield code="a">Chianese, Dominic,</marc:subfield>
            <marc:subfield code="d">1931-</marc:subfield>
            <marc:subfield code="4">act</marc:subfield>
          </marc:datafield>
          <marc:datafield tag="700" ind1="1" ind2=" ">
            <marc:subfield code="a">Pastore, Vincent.</marc:subfield>
            <marc:subfield code="4">act</marc:subfield>
          </marc:datafield>
          <marc:datafield tag="700" ind1="1" ind2=" ">
            <marc:subfield code="a">Van Zandt, Steve.</marc:subfield>
            <marc:subfield code="4">act</marc:subfield>
          </marc:datafield>
          <marc:datafield tag="700" ind1="1" ind2=" ">
            <marc:subfield code="a">Sirico, Tony.</marc:subfield>
            <marc:subfield code="4">act</marc:subfield>
          </marc:datafield>
          <marc:datafield tag="700" ind1="1" ind2=" ">
            <marc:subfield code="a">Iler, Robert.</marc:subfield>
            <marc:subfield code="4">act</marc:subfield>
          </marc:datafield>
          <marc:datafield tag="700" ind1="1" ind2=" ">
            <marc:subfield code="a">Sigler, Jamie-Lynn,</marc:subfield>
            <marc:subfield code="d">1981-</marc:subfield>
            <marc:subfield code="4">act</marc:subfield>
          </marc:datafield>
          <marc:datafield tag="700" ind1="1" ind2=" ">
            <marc:subfield code="a">Coulter, Allen.</marc:subfield>
            <marc:subfield code="4">pro</marc:subfield>
            <marc:subfield code="4">drt</marc:subfield>
          </marc:datafield>
          <marc:datafield tag="700" ind1="1" ind2=" ">
            <marc:subfield code="a">Patterson, John,</marc:subfield>
            <marc:subfield code="4">drt.</marc:subfield>
          </marc:datafield>
          <marc:datafield tag="710" ind1="2" ind2=" ">
            <marc:subfield code="a">Brad Grey Television Productions.</marc:subfield>
          </marc:datafield>
          <marc:datafield tag="710" ind1="2" ind2=" ">
            <marc:subfield code="a">HBO Video (Firm)</marc:subfield>
          </marc:datafield>
          <marc:datafield tag="730" ind1="0" ind2=" ">
            <marc:subfield code="a">Sopranos (Television program)</marc:subfield>
            <marc:subfield code="n">2nd season</marc:subfield>
          </marc:datafield>
          <marc:datafield tag="945" ind1=" " ind2=" ">
            <marc:subfield code="a">MARS</marc:subfield>
          </marc:datafield>
          <marc:datafield tag="994" ind1=" " ind2=" ">
            <marc:subfield code="a">E0</marc:subfield>
            <marc:subfield code="b">RRR</marc:subfield>
          </marc:datafield>
        </marc:record>
      </metadata>
    </record>