
    <record>
      <header>
        <identifier>oai:library.rochester.edu:URVoyager1/390</identifier>
        <datestamp>2011-03-23T15:43:35Z</datestamp>
        <setSpec>bib</setSpec>
      </header>
      <metadata>
        <marc:record xmlns:marc="http://www.loc.gov/MARC21/slim" xmlns:xsi="http://www.w3.org/2001/XMLSchema-instance" xsi:schemaLocation="http://www.loc.gov/MARC21/slim http://128.151.244.137:8080/OAIToolkit_demo_175/schema/MARC21slim_custom.xsd">
          <marc:leader>00984ccm a2200313Ia 4500</marc:leader>
          <marc:controlfield tag="001">2578532</marc:controlfield>
          <marc:controlfield tag="005">20040210095551.0</marc:controlfield>
          <marc:controlfield tag="008">031229s2003    gw clz   hi    n        d</marc:controlfield>
          <marc:datafield tag="024" ind1="2" ind2=" ">
            <marc:subfield code="a">201807614</marc:subfield>
          </marc:datafield>
          <marc:datafield tag="028" ind1="3" ind2="2">
            <marc:subfield code="a">HN 761</marc:subfield>
            <marc:subfield code="b">Henle</marc:subfield>
          </marc:datafield>
          <marc:datafield tag="028" ind1="3" ind2="0">
            <marc:subfield code="a">761</marc:subfield>
            <marc:subfield code="b">Henle</marc:subfield>
          </marc:datafield>
          <marc:datafield tag="035" ind1=" " ind2=" ">
            <marc:subfield code="a">(OCoLC)ocm53996941</marc:subfield>
          </marc:datafield>
          <marc:datafield tag="035" ind1=" " ind2=" ">
            <marc:subfield code="a">2578532</marc:subfield>
          </marc:datafield>
          <marc:datafield tag="040" ind1=" " ind2=" ">
            <marc:subfield code="a">ZJS</marc:subfield>
            <marc:subfield code="c">ZJS</marc:subfield>
            <marc:subfield code="d">ORU</marc:subfield>
          </marc:datafield>
          <marc:datafield tag="048" ind1=" " ind2=" ">
            <marc:subfield code="a">kb01</marc:subfield>
          </marc:datafield>
          <marc:datafield tag="049" ind1=" " ind2=" ">
            <marc:subfield code="a">RESM</marc:subfield>
          </marc:datafield>
          <marc:datafield tag="090" ind1=" " ind2=" ">
            <marc:subfield code="a">M11</marc:subfield>
            <marc:subfield code="b">.R333 op.135a, 2003</marc:subfield>
          </marc:datafield>
          <marc:datafield tag="100" ind1="1" ind2=" ">
            <marc:subfield code="a">Reger, Max,</marc:subfield>
            <marc:subfield code="d">1873-1916.</marc:subfield>
          </marc:datafield>
          <marc:datafield tag="240" ind1="1" ind2="0">
            <marc:subfield code="a">Kleine Choralvorspiele</marc:subfield>
          </marc:datafield>
          <marc:datafield tag="245" ind1="1" ind2="0">
            <marc:subfield code="a">30 kleine Choralvorspiele für Orgel :</marc:subfield>
            <marc:subfield code="b">Opus 135a = Thirty little chorale preludes for organ /</marc:subfield>
            <marc:subfield code="c">Max Reger ; herausgegeben von Michael Kube.</marc:subfield>
          </marc:datafield>
          <marc:datafield tag="246" ind1="3" ind2="1">
            <marc:subfield code="a">Thirty little chorale preludes</marc:subfield>
          </marc:datafield>
          <marc:datafield tag="246" ind1="3" ind2="1">
            <marc:subfield code="a">Little chorale preludes</marc:subfield>
          </marc:datafield>
          <marc:datafield tag="260" ind1=" " ind2=" ">
            <marc:subfield code="a">München :</marc:subfield>
            <marc:subfield code="b">G. Henle Verlag,</marc:subfield>
            <marc:subfield code="c">c2003.</marc:subfield>
          </marc:datafield>
          <marc:datafield tag="300" ind1=" " ind2=" ">
            <marc:subfield code="a">29 p. of music ;</marc:subfield>
            <marc:subfield code="c">24 x 31 cm.</marc:subfield>
          </marc:datafield>
          <marc:datafield tag="500" ind1=" " ind2=" ">
            <marc:subfield code="a">Preface German, English, and French.</marc:subfield>
          </marc:datafield>
          <marc:datafield tag="650" ind1=" " ind2="0">
            <marc:subfield code="a">Chorale preludes.</marc:subfield>
          </marc:datafield>
          <marc:datafield tag="650" ind1=" " ind2="0">
            <marc:subfield code="a">Organ music.</marc:subfield>
          </marc:datafield>
          <marc:datafield tag="700" ind1="1" ind2=" ">
            <marc:subfield code="a">Kube, Michael,</marc:subfield>
            <marc:subfield code="d">1968-</marc:subfield>
          </marc:datafield>
          <marc:datafield tag="994" ind1=" " ind2=" ">
            <marc:subfield code="a">X0</marc:subfield>
            <marc:subfield code="b">RES</marc:subfield>
          </marc:datafield>
        </marc:record>
      </metadata>
    </record>