
    <record>
      <header>
        <identifier>oai:library.rochester.edu:URVoyager1/393</identifier>
        <datestamp>2011-03-23T15:43:35Z</datestamp>
        <setSpec>bib</setSpec>
      </header>
      <metadata>
        <marc:record xmlns:marc="http://www.loc.gov/MARC21/slim" xmlns:xsi="http://www.w3.org/2001/XMLSchema-instance" xsi:schemaLocation="http://www.loc.gov/MARC21/slim http://128.151.244.137:8080/OAIToolkit_demo_175/schema/MARC21slim_custom.xsd">
          <marc:leader>02609cgm a2200625Ia 4500</marc:leader>
          <marc:controlfield tag="001">2707414</marc:controlfield>
          <marc:controlfield tag="005">20061011200034.0</marc:controlfield>
          <marc:controlfield tag="007">vd bgaizm</marc:controlfield>
          <marc:controlfield tag="008">011030p20011954cau108 g          vleng d</marc:controlfield>
          <marc:datafield tag="020" ind1=" " ind2=" ">
            <marc:subfield code="a">0767804279</marc:subfield>
          </marc:datafield>
          <marc:datafield tag="024" ind1="1" ind2="0">
            <marc:subfield code="a">043396784093</marc:subfield>
          </marc:datafield>
          <marc:datafield tag="028" ind1="4" ind2="2">
            <marc:subfield code="a">78409</marc:subfield>
            <marc:subfield code="b">Columbia Tristar Home Video</marc:subfield>
          </marc:datafield>
          <marc:datafield tag="035" ind1=" " ind2=" ">
            <marc:subfield code="a">(OCoLC)ocm48239414</marc:subfield>
          </marc:datafield>
          <marc:datafield tag="035" ind1=" " ind2=" ">
            <marc:subfield code="a">2707414</marc:subfield>
          </marc:datafield>
          <marc:datafield tag="040" ind1=" " ind2=" ">
            <marc:subfield code="a">MSA</marc:subfield>
            <marc:subfield code="c">MSA</marc:subfield>
            <marc:subfield code="d">WIS</marc:subfield>
            <marc:subfield code="d">IBI</marc:subfield>
            <marc:subfield code="d">JED</marc:subfield>
            <marc:subfield code="d">TEF</marc:subfield>
            <marc:subfield code="d">OCLCQ</marc:subfield>
          </marc:datafield>
          <marc:datafield tag="041" ind1="1" ind2=" ">
            <marc:subfield code="a">eng</marc:subfield>
            <marc:subfield code="a">fre</marc:subfield>
            <marc:subfield code="b">fre</marc:subfield>
            <marc:subfield code="b">chi</marc:subfield>
            <marc:subfield code="b">kor</marc:subfield>
            <marc:subfield code="b">por</marc:subfield>
            <marc:subfield code="b">spa</marc:subfield>
            <marc:subfield code="b">tha</marc:subfield>
            <marc:subfield code="h">eng</marc:subfield>
          </marc:datafield>
          <marc:datafield tag="043" ind1=" " ind2=" ">
            <marc:subfield code="a">n-us---</marc:subfield>
          </marc:datafield>
          <marc:datafield tag="049" ind1=" " ind2=" ">
            <marc:subfield code="a">RESM</marc:subfield>
          </marc:datafield>
          <marc:datafield tag="082" ind1="0" ind2="4">
            <marc:subfield code="a">791.43/72</marc:subfield>
            <marc:subfield code="2">22</marc:subfield>
          </marc:datafield>
          <marc:datafield tag="090" ind1=" " ind2=" ">
            <marc:subfield code="a">PN1997</marc:subfield>
            <marc:subfield code="b">.O542 2001</marc:subfield>
          </marc:datafield>
          <marc:datafield tag="245" ind1="0" ind2="0">
            <marc:subfield code="a">On the waterfront</marc:subfield>
            <marc:subfield code="h">[videorecording] /</marc:subfield>
            <marc:subfield code="c">Columbia Pictures Corporation ; screenplay by Budd Schulberg ; produced by Sam Spiegel ; directed by Elia Kazan.</marc:subfield>
          </marc:datafield>
          <marc:datafield tag="250" ind1=" " ind2=" ">
            <marc:subfield code="a">Special ed.</marc:subfield>
          </marc:datafield>
          <marc:datafield tag="260" ind1=" " ind2=" ">
            <marc:subfield code="a">Culver City, CA :</marc:subfield>
            <marc:subfield code="b">Columbia Tristar Home Entertainment,</marc:subfield>
            <marc:subfield code="c">c2001.</marc:subfield>
          </marc:datafield>
          <marc:datafield tag="300" ind1=" " ind2=" ">
            <marc:subfield code="a">1 videodisc (ca. 108 min.) :</marc:subfield>
            <marc:subfield code="b">sd., b&amp;w ;</marc:subfield>
            <marc:subfield code="c">1/2 in.</marc:subfield>
          </marc:datafield>
          <marc:datafield tag="500" ind1=" " ind2=" ">
            <marc:subfield code="a">Originally produced as a motion picture in 1954.</marc:subfield>
          </marc:datafield>
          <marc:datafield tag="500" ind1=" " ind2=" ">
            <marc:subfield code="a">Based on a story by Budd Schulberg.</marc:subfield>
          </marc:datafield>
          <marc:datafield tag="500" ind1=" " ind2=" ">
            <marc:subfield code="a">Special features: audio commentary; Elia Kazan interview; trailers; filmographies; production notes; video photo gallery.</marc:subfield>
          </marc:datafield>
          <marc:datafield tag="508" ind1=" " ind2=" ">
            <marc:subfield code="a">Photographer, Boris Kaufman ; editor, Gene Milford ; music, Leonard Bernstein.</marc:subfield>
          </marc:datafield>
          <marc:datafield tag="511" ind1="1" ind2=" ">
            <marc:subfield code="a">Marlon Brando, Karl Malden, Lee J. Cobb, Rod Steiger, Pat Henning, Leif Erickson, James Westerfield, Eva Marie Saint.</marc:subfield>
          </marc:datafield>
          <marc:datafield tag="520" ind1=" " ind2=" ">
            <marc:subfield code="a">An ex-fighter gets a job working on the gang-ridden waterfront under a crooked gangster boss.</marc:subfield>
          </marc:datafield>
          <marc:datafield tag="521" ind1="8" ind2=" ">
            <marc:subfield code="a">Not rated.</marc:subfield>
          </marc:datafield>
          <marc:datafield tag="538" ind1=" " ind2=" ">
            <marc:subfield code="a">DVD, Dolby digital; full screen presentation.</marc:subfield>
          </marc:datafield>
          <marc:datafield tag="546" ind1=" " ind2=" ">
            <marc:subfield code="a">Closed-captioned; English and French soundtracks; subtitles in English, French, Spanish, Portuguese, Chinese, Korean and Thai.</marc:subfield>
          </marc:datafield>
          <marc:datafield tag="586" ind1=" " ind2=" ">
            <marc:subfield code="a">Academy Award for Best Picture, 1954.</marc:subfield>
          </marc:datafield>
          <marc:datafield tag="650" ind1=" " ind2="0">
            <marc:subfield code="a">Stevedores</marc:subfield>
            <marc:subfield code="x">Labor unions</marc:subfield>
            <marc:subfield code="x">Corrupt practices</marc:subfield>
            <marc:subfield code="v">Drama.</marc:subfield>
          </marc:datafield>
          <marc:datafield tag="655" ind1=" " ind2="0">
            <marc:subfield code="a">Gangster films.</marc:subfield>
          </marc:datafield>
          <marc:datafield tag="655" ind1=" " ind2="0">
            <marc:subfield code="a">Feature films.</marc:subfield>
          </marc:datafield>
          <marc:datafield tag="655" ind1=" " ind2="0">
            <marc:subfield code="a">Video recordings for the hearing impaired.</marc:subfield>
          </marc:datafield>
          <marc:datafield tag="700" ind1="1" ind2=" ">
            <marc:subfield code="a">Kazan, Elia.</marc:subfield>
            <marc:subfield code="4">drt</marc:subfield>
          </marc:datafield>
          <marc:datafield tag="700" ind1="1" ind2=" ">
            <marc:subfield code="a">Spiegel, Sam.</marc:subfield>
          </marc:datafield>
          <marc:datafield tag="700" ind1="1" ind2=" ">
            <marc:subfield code="a">Schulberg, Budd.</marc:subfield>
          </marc:datafield>
          <marc:datafield tag="700" ind1="1" ind2=" ">
            <marc:subfield code="a">Brando, Marlon.</marc:subfield>
          </marc:datafield>
          <marc:datafield tag="700" ind1="1" ind2=" ">
            <marc:subfield code="a">Malden, Karl.</marc:subfield>
          </marc:datafield>
          <marc:datafield tag="700" ind1="1" ind2=" ">
            <marc:subfield code="a">Cobb, Lee J.,</marc:subfield>
            <marc:subfield code="d">1911-1976.</marc:subfield>
          </marc:datafield>
          <marc:datafield tag="700" ind1="1" ind2=" ">
            <marc:subfield code="a">Steiger, Rod,</marc:subfield>
            <marc:subfield code="d">1925-2002.</marc:subfield>
          </marc:datafield>
          <marc:datafield tag="700" ind1="1" ind2=" ">
            <marc:subfield code="a">Henning, Pat,</marc:subfield>
            <marc:subfield code="d">1911-1973.</marc:subfield>
          </marc:datafield>
          <marc:datafield tag="700" ind1="1" ind2=" ">
            <marc:subfield code="a">Erickson, Leif,</marc:subfield>
            <marc:subfield code="d">1911-1986.</marc:subfield>
          </marc:datafield>
          <marc:datafield tag="700" ind1="1" ind2=" ">
            <marc:subfield code="a">Westerfield, James,</marc:subfield>
            <marc:subfield code="d">1913-1971.</marc:subfield>
          </marc:datafield>
          <marc:datafield tag="700" ind1="1" ind2=" ">
            <marc:subfield code="a">Saint, Eva Marie,</marc:subfield>
            <marc:subfield code="d">1924-</marc:subfield>
          </marc:datafield>
          <marc:datafield tag="700" ind1="1" ind2=" ">
            <marc:subfield code="a">Kaufman, Boris.</marc:subfield>
          </marc:datafield>
          <marc:datafield tag="700" ind1="1" ind2=" ">
            <marc:subfield code="a">Milford, Gene.</marc:subfield>
          </marc:datafield>
          <marc:datafield tag="700" ind1="1" ind2=" ">
            <marc:subfield code="a">Bernstein, Leonard,</marc:subfield>
            <marc:subfield code="d">1918-1990.</marc:subfield>
          </marc:datafield>
          <marc:datafield tag="710" ind1="2" ind2=" ">
            <marc:subfield code="a">Columbia Pictures Corporation.</marc:subfield>
          </marc:datafield>
          <marc:datafield tag="710" ind1="2" ind2=" ">
            <marc:subfield code="a">Columbia TriStar Home Entertainment (Firm)</marc:subfield>
          </marc:datafield>
          <marc:datafield tag="994" ind1=" " ind2=" ">
            <marc:subfield code="a">C0</marc:subfield>
            <marc:subfield code="b">RES</marc:subfield>
          </marc:datafield>
        </marc:record>
      </metadata>
    </record>