
    <record>
      <header>
        <identifier>oai:library.rochester.edu:URVoyager1/402</identifier>
        <datestamp>2011-03-23T15:43:35Z</datestamp>
        <setSpec>bib</setSpec>
      </header>
      <metadata>
        <marc:record xmlns:marc="http://www.loc.gov/MARC21/slim" xmlns:xsi="http://www.w3.org/2001/XMLSchema-instance" xsi:schemaLocation="http://www.loc.gov/MARC21/slim http://128.151.244.137:8080/OAIToolkit_demo_175/schema/MARC21slim_custom.xsd">
          <marc:leader>02915cam a2200457 a 4500</marc:leader>
          <marc:controlfield tag="001">3030852</marc:controlfield>
          <marc:controlfield tag="005">20070912100818.0</marc:controlfield>
          <marc:controlfield tag="008">051224s2005    onc      b    001 0 eng c</marc:controlfield>
          <marc:datafield tag="016" ind1=" " ind2=" ">
            <marc:subfield code="a">20059020687</marc:subfield>
          </marc:datafield>
          <marc:datafield tag="020" ind1=" " ind2=" ">
            <marc:subfield code="a">0802038247 :</marc:subfield>
            <marc:subfield code="c">$85.00</marc:subfield>
          </marc:datafield>
          <marc:datafield tag="024" ind1="7" ind2=" ">
            <marc:subfield code="a">99811772018</marc:subfield>
            <marc:subfield code="2">YBP</marc:subfield>
          </marc:datafield>
          <marc:datafield tag="029" ind1="0" ind2=" ">
            <marc:subfield code="a">NLC</marc:subfield>
            <marc:subfield code="b">20059020687</marc:subfield>
          </marc:datafield>
          <marc:datafield tag="035" ind1=" " ind2=" ">
            <marc:subfield code="a">(OCoLC)ocm59338662</marc:subfield>
          </marc:datafield>
          <marc:datafield tag="035" ind1=" " ind2=" ">
            <marc:subfield code="a">3030852</marc:subfield>
          </marc:datafield>
          <marc:datafield tag="040" ind1=" " ind2=" ">
            <marc:subfield code="a">NLC</marc:subfield>
            <marc:subfield code="b">eng</marc:subfield>
            <marc:subfield code="c">NLC</marc:subfield>
            <marc:subfield code="d">BAKER</marc:subfield>
            <marc:subfield code="d">VP@</marc:subfield>
            <marc:subfield code="d">INU</marc:subfield>
            <marc:subfield code="d">OrLoB-B</marc:subfield>
          </marc:datafield>
          <marc:datafield tag="042" ind1=" " ind2=" ">
            <marc:subfield code="a">pcc</marc:subfield>
          </marc:datafield>
          <marc:datafield tag="043" ind1=" " ind2=" ">
            <marc:subfield code="a">e-uk---</marc:subfield>
          </marc:datafield>
          <marc:datafield tag="049" ind1=" " ind2=" ">
            <marc:subfield code="a">RRRR</marc:subfield>
          </marc:datafield>
          <marc:datafield tag="055" ind1=" " ind2="0">
            <marc:subfield code="a">CB417</marc:subfield>
            <marc:subfield code="b">F79 2005</marc:subfield>
          </marc:datafield>
          <marc:datafield tag="082" ind1="0" ind2="4">
            <marc:subfield code="a">820.9</marc:subfield>
            <marc:subfield code="2">22</marc:subfield>
          </marc:datafield>
          <marc:datafield tag="090" ind1=" " ind2=" ">
            <marc:subfield code="a">PR468.R65</marc:subfield>
            <marc:subfield code="b">F79 2005</marc:subfield>
          </marc:datafield>
          <marc:datafield tag="100" ind1="1" ind2=" ">
            <marc:subfield code="a">Frye, Northrop.</marc:subfield>
          </marc:datafield>
          <marc:datafield tag="245" ind1="1" ind2="0">
            <marc:subfield code="a">Northrop Frye's writings on the eighteenth and nineteenth centuries /</marc:subfield>
            <marc:subfield code="c">edited by Imre Salusinszky.</marc:subfield>
          </marc:datafield>
          <marc:datafield tag="260" ind1=" " ind2=" ">
            <marc:subfield code="a">Toronto :</marc:subfield>
            <marc:subfield code="b">University of Toronto Press,</marc:subfield>
            <marc:subfield code="c">c2005.</marc:subfield>
          </marc:datafield>
          <marc:datafield tag="300" ind1=" " ind2=" ">
            <marc:subfield code="a">xli, 415 p. ;</marc:subfield>
            <marc:subfield code="c">24 cm.</marc:subfield>
          </marc:datafield>
          <marc:datafield tag="490" ind1="1" ind2=" ">
            <marc:subfield code="a">Collected works of Northrop Frye ;</marc:subfield>
            <marc:subfield code="v">v. 17</marc:subfield>
          </marc:datafield>
          <marc:datafield tag="504" ind1=" " ind2=" ">
            <marc:subfield code="a">Includes bibliographical references (p. [355]-381) and index.</marc:subfield>
          </marc:datafield>
          <marc:datafield tag="505" ind1="0" ind2="0">
            <marc:subfield code="t">On the eighteenth century -- </marc:subfield>
            <marc:subfield code="g">1.</marc:subfield>
            <marc:subfield code="t">The young Boswell -- </marc:subfield>
            <marc:subfield code="g">2.</marc:subfield>
            <marc:subfield code="t">Towards defining an age of sensibility -- </marc:subfield>
            <marc:subfield code="g">3.</marc:subfield>
            <marc:subfield code="t">Nature methodized -- </marc:subfield>
            <marc:subfield code="g">4.</marc:subfield>
            <marc:subfield code="t">Varieties of eighteenth-century sensibility -- </marc:subfield>
            <marc:subfield code="t">On romanticism -- </marc:subfield>
            <marc:subfield code="g">5.</marc:subfield>
            <marc:subfield code="t">CBC Goethe salute -- </marc:subfield>
            <marc:subfield code="g">6.</marc:subfield>
            <marc:subfield code="t">Long sequacious notes -- </marc:subfield>
            <marc:subfield code="g">7.</marc:subfield>
            <marc:subfield code="t">Lord Byron -- </marc:subfield>
            <marc:subfield code="g">8.</marc:subfield>
            <marc:subfield code="t">Foreword to Romanticism reconsidered -- </marc:subfield>
            <marc:subfield code="g">9.</marc:subfield>
            <marc:subfield code="t">The drunken boat : the revolutionary element in Romanticism -- </marc:subfield>
            <marc:subfield code="g">10.</marc:subfield>
            <marc:subfield code="t">A study of English Romanticism -- </marc:subfield>
            <marc:subfield code="g">I.</marc:subfield>
            <marc:subfield code="t">The Romantic myth -- </marc:subfield>
            <marc:subfield code="g">II.</marc:subfield>
            <marc:subfield code="t">Yorick : the Romantic macabre -- </marc:subfield>
            <marc:subfield code="g">III.</marc:subfield>
            <marc:subfield code="t">Prometheus : the Romantic revolutionary -- </marc:subfield>
            <marc:subfield code="g">IV.</marc:subfield>
            <marc:subfield code="t">Endymion : the Romantic epiphanic -- </marc:subfield>
            <marc:subfield code="g">11.</marc:subfield>
            <marc:subfield code="t">John Keats -- </marc:subfield>
            <marc:subfield code="g">12.</marc:subfield>
            <marc:subfield code="t">Kathleen Hazel Coburn -- </marc:subfield>
            <marc:subfield code="g">13.</marc:subfield>
            <marc:subfield code="t">How it was -- </marc:subfield>
            <marc:subfield code="g">14.</marc:subfield>
            <marc:subfield code="t">In the earth, or in the air? -- </marc:subfield>
            <marc:subfield code="t">On the nineteenth century -- </marc:subfield>
            <marc:subfield code="g">15.</marc:subfield>
            <marc:subfield code="t">Review of Patience and The silver box -- </marc:subfield>
            <marc:subfield code="g">16.</marc:subfield>
            <marc:subfield code="t">Review of H. M. S. Pinafore -- </marc:subfield>
            <marc:subfield code="g">17.</marc:subfield>
            <marc:subfield code="t">Iolanthe -- </marc:subfield>
            <marc:subfield code="g">18.</marc:subfield>
            <marc:subfield code="t">Review of Iolanthe -- </marc:subfield>
            <marc:subfield code="g">19.</marc:subfield>
            <marc:subfield code="t">Review of Bradbrook's Ibsen the Norwegian -- </marc:subfield>
            <marc:subfield code="g">20.</marc:subfield>
            <marc:subfield code="t">James, LeFanu, and Morris -- </marc:subfield>
            <marc:subfield code="g">21.</marc:subfield>
            <marc:subfield code="t">An important influence -- </marc:subfield>
            <marc:subfield code="g">22.</marc:subfield>
            <marc:subfield code="t">Review of Joan Evans's John Ruskin -- </marc:subfield>
            <marc:subfield code="g">23.</marc:subfield>
            <marc:subfield code="t">Emily Dickinson -- </marc:subfield>
            <marc:subfield code="g">24.</marc:subfield>
            <marc:subfield code="t">The problem of spiritual authority in the nineteenth century -- </marc:subfield>
            <marc:subfield code="g">25.</marc:subfield>
            <marc:subfield code="t">Dickens and the comedy of humours -- </marc:subfield>
            <marc:subfield code="g">26.</marc:subfield>
            <marc:subfield code="t">The meeting of past and future in William Morris -- </marc:subfield>
            <marc:subfield code="g">27.</marc:subfield>
            <marc:subfield code="t">The world as music and idea in Wagner's Parsifal -- </marc:subfield>
            <marc:subfield code="g">28.</marc:subfield>
            <marc:subfield code="t">Some reflections on life and habit.</marc:subfield>
          </marc:datafield>
          <marc:datafield tag="650" ind1=" " ind2="0">
            <marc:subfield code="a">English literature</marc:subfield>
            <marc:subfield code="y">19th century</marc:subfield>
            <marc:subfield code="x">History and criticism.</marc:subfield>
          </marc:datafield>
          <marc:datafield tag="650" ind1=" " ind2="0">
            <marc:subfield code="a">Romanticism</marc:subfield>
            <marc:subfield code="z">Great Britain.</marc:subfield>
          </marc:datafield>
          <marc:datafield tag="650" ind1=" " ind2="0">
            <marc:subfield code="a">English literature</marc:subfield>
            <marc:subfield code="y">18th century</marc:subfield>
            <marc:subfield code="x">History and criticism.</marc:subfield>
          </marc:datafield>
          <marc:datafield tag="650" ind1=" " ind2="6">
            <marc:subfield code="a">Littérature anglaise</marc:subfield>
            <marc:subfield code="y">19e siècle</marc:subfield>
            <marc:subfield code="x">Histoire et critique.</marc:subfield>
          </marc:datafield>
          <marc:datafield tag="650" ind1=" " ind2="6">
            <marc:subfield code="a">Romantisme</marc:subfield>
            <marc:subfield code="z">Grande-Bretagne.</marc:subfield>
          </marc:datafield>
          <marc:datafield tag="650" ind1=" " ind2="6">
            <marc:subfield code="a">Littérature anglaise</marc:subfield>
            <marc:subfield code="y">18e siècle</marc:subfield>
            <marc:subfield code="x">Histoire et critique.</marc:subfield>
          </marc:datafield>
          <marc:datafield tag="700" ind1="1" ind2=" ">
            <marc:subfield code="a">Salusinszky, Imre,</marc:subfield>
            <marc:subfield code="d">1955-</marc:subfield>
          </marc:datafield>
          <marc:datafield tag="800" ind1="1" ind2=" ">
            <marc:subfield code="a">Frye, Northrop.</marc:subfield>
            <marc:subfield code="t">Works.</marc:subfield>
            <marc:subfield code="f">1996 ;</marc:subfield>
            <marc:subfield code="v">v. 17.</marc:subfield>
          </marc:datafield>
          <marc:datafield tag="945" ind1=" " ind2=" ">
            <marc:subfield code="a">PromptCat</marc:subfield>
          </marc:datafield>
          <marc:datafield tag="945" ind1=" " ind2=" ">
            <marc:subfield code="a">MARS</marc:subfield>
          </marc:datafield>
          <marc:datafield tag="949" ind1=" " ind2=" ">
            <marc:subfield code="b">39087027576802</marc:subfield>
          </marc:datafield>
          <marc:datafield tag="980" ind1=" " ind2=" ">
            <marc:subfield code="a">2006-01-11</marc:subfield>
            <marc:subfield code="b">85</marc:subfield>
            <marc:subfield code="e">71.4</marc:subfield>
            <marc:subfield code="f">742884</marc:subfield>
            <marc:subfield code="g">1</marc:subfield>
          </marc:datafield>
          <marc:datafield tag="994" ind1=" " ind2=" ">
            <marc:subfield code="a">92</marc:subfield>
            <marc:subfield code="b">RRR</marc:subfield>
          </marc:datafield>
        </marc:record>
      </metadata>
    </record>