
    <record>
      <header>
        <identifier>oai:library.rochester.edu:URVoyager1/415</identifier>
        <datestamp>2011-03-23T15:43:35Z</datestamp>
        <setSpec>bib</setSpec>
      </header>
      <metadata>
        <marc:record xmlns:marc="http://www.loc.gov/MARC21/slim" xmlns:xsi="http://www.w3.org/2001/XMLSchema-instance" xsi:schemaLocation="http://www.loc.gov/MARC21/slim http://128.151.244.137:8080/OAIToolkit_demo_175/schema/MARC21slim_custom.xsd">
          <marc:leader>01802cam a2200349 a 4500</marc:leader>
          <marc:controlfield tag="001">3633121</marc:controlfield>
          <marc:controlfield tag="005">20081203075647.0</marc:controlfield>
          <marc:controlfield tag="006">smu d s     0    2</marc:controlfield>
          <marc:controlfield tag="007">cr |||||||||||</marc:controlfield>
          <marc:controlfield tag="008">000727m19989999pau     s     000 0 eng  </marc:controlfield>
          <marc:datafield tag="010" ind1=" " ind2=" ">
            <marc:subfield code="a">  2003615712</marc:subfield>
          </marc:datafield>
          <marc:datafield tag="035" ind1=" " ind2=" ">
            <marc:subfield code="a">(OCoLC)ocm45453899</marc:subfield>
          </marc:datafield>
          <marc:datafield tag="035" ind1=" " ind2=" ">
            <marc:subfield code="a">(OCoLC)45453899</marc:subfield>
          </marc:datafield>
          <marc:datafield tag="037" ind1=" " ind2=" ">
            <marc:subfield code="b">Accessible Archives, Inc., 697 Sugartown Road, Malvern, PA 19355</marc:subfield>
          </marc:datafield>
          <marc:datafield tag="040" ind1=" " ind2=" ">
            <marc:subfield code="a">DLC</marc:subfield>
            <marc:subfield code="c">DLC</marc:subfield>
            <marc:subfield code="d">NHM</marc:subfield>
            <marc:subfield code="d">VPI</marc:subfield>
            <marc:subfield code="d">OCLCQ</marc:subfield>
            <marc:subfield code="d">BTCTA</marc:subfield>
          </marc:datafield>
          <marc:datafield tag="043" ind1=" " ind2=" ">
            <marc:subfield code="a">n-us---</marc:subfield>
          </marc:datafield>
          <marc:datafield tag="049" ind1=" " ind2=" ">
            <marc:subfield code="a">RRRR</marc:subfield>
          </marc:datafield>
          <marc:datafield tag="050" ind1="0" ind2="0">
            <marc:subfield code="a">E184.6</marc:subfield>
          </marc:datafield>
          <marc:datafield tag="245" ind1="0" ind2="0">
            <marc:subfield code="a">African American newspapers [suppressed]</marc:subfield>
            <marc:subfield code="h">[electronic resource] :</marc:subfield>
            <marc:subfield code="b">the 19th century.</marc:subfield>
          </marc:datafield>
          <marc:datafield tag="260" ind1=" " ind2=" ">
            <marc:subfield code="a">Malvern, PA :</marc:subfield>
            <marc:subfield code="b">Accessible Archives</marc:subfield>
          </marc:datafield>
          <marc:datafield tag="310" ind1=" " ind2=" ">
            <marc:subfield code="a">Updated monthly</marc:subfield>
          </marc:datafield>
          <marc:datafield tag="362" ind1="1" ind2=" ">
            <marc:subfield code="a">Began in 1998?</marc:subfield>
          </marc:datafield>
          <marc:datafield tag="500" ind1=" " ind2=" ">
            <marc:subfield code="a">Title from about archives page (viewed June 23, 2003).</marc:subfield>
          </marc:datafield>
          <marc:datafield tag="505" ind1="0" ind2=" ">
            <marc:subfield code="a">Freedom's journal (Mar. 16, 1827-Mar. 28, 1829) -- The Colored American / Weekly Advocate (Jan. 7, 1837-Dec. 25, 1841) -- The North Star (Dec. 3, 1847-Apr. 17, 1851) -- The National Era (Jan. 7, 1847-Dec. 1857; complete only through Dec. 1853) -- Provincial Freeman (1854-1857) -- Frederick Douglass Paper (1851-1859; complete only through Dec. 1852) -- The Christian Recorder (1861-June 1868; complete only through April, 1862).</marc:subfield>
          </marc:datafield>
          <marc:datafield tag="506" ind1=" " ind2=" ">
            <marc:subfield code="a">Access restricted to subscribers.</marc:subfield>
          </marc:datafield>
          <marc:datafield tag="520" ind1=" " ind2=" ">
            <marc:subfield code="a">Complete texts of major 19th century African American newspapers. Includes first-hand reports of events and issues of the day, as well as biographies, vital statistics, essays and editorials, poetry and prose, and advertisements.</marc:subfield>
          </marc:datafield>
          <marc:datafield tag="538" ind1=" " ind2=" ">
            <marc:subfield code="a">Mode of access: World Wide Web.</marc:subfield>
          </marc:datafield>
          <marc:datafield tag="650" ind1=" " ind2="0">
            <marc:subfield code="a">African Americans</marc:subfield>
            <marc:subfield code="x">History</marc:subfield>
            <marc:subfield code="y">19th century</marc:subfield>
            <marc:subfield code="v">Sources</marc:subfield>
            <marc:subfield code="v">Databases.</marc:subfield>
          </marc:datafield>
          <marc:datafield tag="650" ind1=" " ind2="0">
            <marc:subfield code="a">African American newspapers</marc:subfield>
            <marc:subfield code="v">Databases.</marc:subfield>
          </marc:datafield>
          <marc:datafield tag="710" ind1="2" ind2=" ">
            <marc:subfield code="a">Accessible Archives.</marc:subfield>
          </marc:datafield>
          <marc:datafield tag="938" ind1=" " ind2=" ">
            <marc:subfield code="a">Baker and Taylor</marc:subfield>
            <marc:subfield code="b">BTCP</marc:subfield>
            <marc:subfield code="n">2003615712</marc:subfield>
          </marc:datafield>
          <marc:datafield tag="994" ind1=" " ind2=" ">
            <marc:subfield code="a">C0</marc:subfield>
            <marc:subfield code="b">RRR</marc:subfield>
          </marc:datafield>
        </marc:record>
      </metadata>
    </record>