
    <record>
      <header>
        <identifier>oai:library.rochester.edu:URVoyager1/417</identifier>
        <datestamp>2011-03-23T15:43:35Z</datestamp>
        <setSpec>bib</setSpec>
      </header>
      <metadata>
        <marc:record xmlns:marc="http://www.loc.gov/MARC21/slim" xmlns:xsi="http://www.w3.org/2001/XMLSchema-instance" xsi:schemaLocation="http://www.loc.gov/MARC21/slim http://128.151.244.137:8080/OAIToolkit_demo_175/schema/MARC21slim_custom.xsd">
          <marc:leader>01029nam a2200301Ii 4500</marc:leader>
          <marc:controlfield tag="001">3686087</marc:controlfield>
          <marc:controlfield tag="005">20080109152412.0</marc:controlfield>
          <marc:controlfield tag="008">080109s1871    nyua          000 f eng d</marc:controlfield>
          <marc:datafield tag="035" ind1=" " ind2=" ">
            <marc:subfield code="a">(OCoLC)ocn189864124</marc:subfield>
          </marc:datafield>
          <marc:datafield tag="035" ind1=" " ind2=" ">
            <marc:subfield code="a">(OCoLC)189864124</marc:subfield>
          </marc:datafield>
          <marc:datafield tag="040" ind1=" " ind2=" ">
            <marc:subfield code="a">RRR</marc:subfield>
            <marc:subfield code="c">RRR</marc:subfield>
          </marc:datafield>
          <marc:datafield tag="043" ind1=" " ind2=" ">
            <marc:subfield code="a">n-us-mi</marc:subfield>
          </marc:datafield>
          <marc:datafield tag="049" ind1=" " ind2=" ">
            <marc:subfield code="a">RRRR</marc:subfield>
          </marc:datafield>
          <marc:datafield tag="090" ind1=" " ind2=" ">
            <marc:subfield code="a">PS1764.G83</marc:subfield>
            <marc:subfield code="b">O43 1871</marc:subfield>
          </marc:datafield>
          <marc:datafield tag="099" ind1=" " ind2=" ">
            <marc:subfield code="a">ZZ6060 .M86 no.263</marc:subfield>
          </marc:datafield>
          <marc:datafield tag="100" ind1="1" ind2=" ">
            <marc:subfield code="a">Griswold, Sandy G. V.,</marc:subfield>
            <marc:subfield code="d">1834-1891.</marc:subfield>
          </marc:datafield>
          <marc:datafield tag="245" ind1="1" ind2="0">
            <marc:subfield code="a">Old Nick, the wolf slayer, or, The hunter's wooing :</marc:subfield>
            <marc:subfield code="b">a story of one hundred years ago /</marc:subfield>
            <marc:subfield code="c">by Sandy G.V. Griswold.</marc:subfield>
          </marc:datafield>
          <marc:datafield tag="246" ind1="3" ind2="0">
            <marc:subfield code="a">Old Nick, the wolf slayer</marc:subfield>
          </marc:datafield>
          <marc:datafield tag="246" ind1="3" ind2="0">
            <marc:subfield code="a">Hunter's wooing</marc:subfield>
          </marc:datafield>
          <marc:datafield tag="260" ind1=" " ind2=" ">
            <marc:subfield code="a">N[ew] Y[ork] :</marc:subfield>
            <marc:subfield code="b">George Munro,</marc:subfield>
            <marc:subfield code="c">1871.</marc:subfield>
          </marc:datafield>
          <marc:datafield tag="300" ind1=" " ind2=" ">
            <marc:subfield code="a">100 p. :</marc:subfield>
            <marc:subfield code="b">ill. ;</marc:subfield>
            <marc:subfield code="c">16 cm.</marc:subfield>
          </marc:datafield>
          <marc:datafield tag="440" ind1=" " ind2="0">
            <marc:subfield code="a">Munro's ten cent novels ;</marc:subfield>
            <marc:subfield code="v">no. 263</marc:subfield>
          </marc:datafield>
          <marc:datafield tag="590" ind1=" " ind2=" ">
            <marc:subfield code="a">Rhees Rare Books copy: Cover ill. colored.</marc:subfield>
          </marc:datafield>
          <marc:datafield tag="650" ind1=" " ind2="0">
            <marc:subfield code="a">Pontiac's Conspiracy, 1763-1765</marc:subfield>
            <marc:subfield code="v">Fiction.</marc:subfield>
          </marc:datafield>
          <marc:datafield tag="650" ind1=" " ind2="0">
            <marc:subfield code="a">Whites</marc:subfield>
            <marc:subfield code="z">Michigan</marc:subfield>
            <marc:subfield code="x">Relations with Indians</marc:subfield>
            <marc:subfield code="v">Fiction.</marc:subfield>
          </marc:datafield>
          <marc:datafield tag="651" ind1=" " ind2="0">
            <marc:subfield code="a">Michigan</marc:subfield>
            <marc:subfield code="x">History</marc:subfield>
            <marc:subfield code="y">To 1837</marc:subfield>
            <marc:subfield code="v">Fiction.</marc:subfield>
          </marc:datafield>
          <marc:datafield tag="655" ind1=" " ind2="0">
            <marc:subfield code="a">Dime novels.</marc:subfield>
          </marc:datafield>
          <marc:datafield tag="994" ind1=" " ind2=" ">
            <marc:subfield code="a">C0</marc:subfield>
            <marc:subfield code="b">RRR</marc:subfield>
          </marc:datafield>
        </marc:record>
      </metadata>
    </record>