
    <record>
      <header>
        <identifier>oai:library.rochester.edu:URVoyager1/422</identifier>
        <datestamp>2011-03-23T15:43:35Z</datestamp>
        <setSpec>bib</setSpec>
      </header>
      <metadata>
        <marc:record xmlns:marc="http://www.loc.gov/MARC21/slim" xmlns:xsi="http://www.w3.org/2001/XMLSchema-instance" xsi:schemaLocation="http://www.loc.gov/MARC21/slim http://128.151.244.137:8080/OAIToolkit_demo_175/schema/MARC21slim_custom.xsd">
          <marc:leader>04127cgm a2200661Ia 4500</marc:leader>
          <marc:controlfield tag="001">3768890</marc:controlfield>
          <marc:controlfield tag="005">20080606153719.0</marc:controlfield>
          <marc:controlfield tag="007">vd cvaizq</marc:controlfield>
          <marc:controlfield tag="008">071219p20082007cau122 e          vleng d</marc:controlfield>
          <marc:datafield tag="020" ind1=" " ind2=" ">
            <marc:subfield code="a">0788882988</marc:subfield>
          </marc:datafield>
          <marc:datafield tag="024" ind1="1" ind2=" ">
            <marc:subfield code="a">786936746754</marc:subfield>
          </marc:datafield>
          <marc:datafield tag="028" ind1="4" ind2="0">
            <marc:subfield code="a">55640</marc:subfield>
            <marc:subfield code="b">Miramax Home Entertainment</marc:subfield>
          </marc:datafield>
          <marc:datafield tag="029" ind1="1" ind2=" ">
            <marc:subfield code="a">NZ1</marc:subfield>
            <marc:subfield code="b">11669563</marc:subfield>
          </marc:datafield>
          <marc:datafield tag="035" ind1=" " ind2=" ">
            <marc:subfield code="a">(OCoLC)ocn184908513</marc:subfield>
          </marc:datafield>
          <marc:datafield tag="035" ind1=" " ind2=" ">
            <marc:subfield code="a">(OCoLC)184908513</marc:subfield>
          </marc:datafield>
          <marc:datafield tag="035" ind1=" " ind2=" ">
            <marc:subfield code="a">3768890</marc:subfield>
          </marc:datafield>
          <marc:datafield tag="037" ind1=" " ind2=" ">
            <marc:subfield code="b">Midwest Tape</marc:subfield>
            <marc:subfield code="n">http://www.midwesttapes.com</marc:subfield>
          </marc:datafield>
          <marc:datafield tag="040" ind1=" " ind2=" ">
            <marc:subfield code="a">TEFMT</marc:subfield>
            <marc:subfield code="c">TEFMT</marc:subfield>
            <marc:subfield code="d">TEF</marc:subfield>
            <marc:subfield code="d">BTCTA</marc:subfield>
            <marc:subfield code="d">JED</marc:subfield>
            <marc:subfield code="d">IFA</marc:subfield>
            <marc:subfield code="d">WAU</marc:subfield>
            <marc:subfield code="d">YDXCP</marc:subfield>
            <marc:subfield code="d">WCM</marc:subfield>
            <marc:subfield code="d">JED</marc:subfield>
          </marc:datafield>
          <marc:datafield tag="041" ind1="1" ind2=" ">
            <marc:subfield code="a">eng</marc:subfield>
            <marc:subfield code="b">eng</marc:subfield>
            <marc:subfield code="b">fre</marc:subfield>
            <marc:subfield code="b">spa</marc:subfield>
            <marc:subfield code="h">eng</marc:subfield>
          </marc:datafield>
          <marc:datafield tag="043" ind1=" " ind2=" ">
            <marc:subfield code="a">n-us-tx</marc:subfield>
          </marc:datafield>
          <marc:datafield tag="049" ind1=" " ind2=" ">
            <marc:subfield code="a">RRRR</marc:subfield>
          </marc:datafield>
          <marc:datafield tag="082" ind1="0" ind2="4">
            <marc:subfield code="a">791.43/72</marc:subfield>
            <marc:subfield code="2">22</marc:subfield>
          </marc:datafield>
          <marc:datafield tag="090" ind1=" " ind2=" ">
            <marc:subfield code="a">PN1995.9.D4</marc:subfield>
            <marc:subfield code="b">N636 2008</marc:subfield>
          </marc:datafield>
          <marc:datafield tag="245" ind1="0" ind2="0">
            <marc:subfield code="a">No country for old men</marc:subfield>
            <marc:subfield code="h">[videorecording] /</marc:subfield>
            <marc:subfield code="c">Miramax Films and Paramount Vantage present ; written for the screen and directed by Joel Coen &amp; Ethan Coen ; produced by Scott Rudin, Ethan Coen, Joel Coen ; a Scott Rudin/Mike Zoss production.</marc:subfield>
          </marc:datafield>
          <marc:datafield tag="250" ind1=" " ind2=" ">
            <marc:subfield code="a">Widescreen version.</marc:subfield>
          </marc:datafield>
          <marc:datafield tag="260" ind1=" " ind2=" ">
            <marc:subfield code="a">Burbank, Calif. :</marc:subfield>
            <marc:subfield code="b">Miramax Home Entertainment :</marc:subfield>
            <marc:subfield code="b">Distributed by Buena Vista Home Entertainment,</marc:subfield>
            <marc:subfield code="c">2008.</marc:subfield>
          </marc:datafield>
          <marc:datafield tag="300" ind1=" " ind2=" ">
            <marc:subfield code="a">1 videodisc (122 min.) :</marc:subfield>
            <marc:subfield code="b">sd., col. ;</marc:subfield>
            <marc:subfield code="c">4 3/4 in.</marc:subfield>
          </marc:datafield>
          <marc:datafield tag="500" ind1=" " ind2=" ">
            <marc:subfield code="a">Originally released as a motion picture in 2007.</marc:subfield>
          </marc:datafield>
          <marc:datafield tag="500" ind1=" " ind2=" ">
            <marc:subfield code="a">Based on the novel by Cormac McCarthy.</marc:subfield>
          </marc:datafield>
          <marc:datafield tag="500" ind1=" " ind2=" ">
            <marc:subfield code="a">Special features: "The making of No country for old men" featurette; Working with the Coens: reflections of cast &amp; crew" featurette; "Diary of a country sheriff" featurette.</marc:subfield>
          </marc:datafield>
          <marc:datafield tag="508" ind1=" " ind2=" ">
            <marc:subfield code="a">Director of photography, Roger Deakins ; editor, Roderick Jaynes ; music, Carter Burwell ; costume designer, Mary Zophres ; production designer, Jess Gonchor.</marc:subfield>
          </marc:datafield>
          <marc:datafield tag="511" ind1="1" ind2=" ">
            <marc:subfield code="a">Tommy Lee Jones, Javier Bardem, Josh Brolin, Woody Harrelson, Kelly Macdonald.</marc:subfield>
          </marc:datafield>
          <marc:datafield tag="520" ind1=" " ind2=" ">
            <marc:subfield code="a">Llewelyn Moss is a Vietnam vet who could use a break. One morning while hunting antelope, he spies several trucks surrounded by dead bodies. He decides to examine the site. He finds a case filled with $2 million and a truck loaded with heroin. Moss takes it with him, tells his wife he's going away for awhile, and hits the road until he can determine his next move. On his the way from El Paso to the Mexican border, he discovers he's being followed by ex-special ops agent Chigurh. Chigurh's weapon of choice is a cattle gun, and he uses it on everyone who gets in his way. Just as Sheriff Bell, a World War II vet, is on Moss's trail, Chigurh's former colleague, Wells, is on his.</marc:subfield>
          </marc:datafield>
          <marc:datafield tag="521" ind1="8" ind2=" ">
            <marc:subfield code="a">MPAA rating: Rated R; for strong graphic violence and some language.</marc:subfield>
          </marc:datafield>
          <marc:datafield tag="538" ind1=" " ind2=" ">
            <marc:subfield code="a">DVD, NTSC; region 1, widescreen (2.35:1, enhanced) presentation; Dolby Digital 5.1 surround, digitally mastered.</marc:subfield>
          </marc:datafield>
          <marc:datafield tag="546" ind1=" " ind2=" ">
            <marc:subfield code="a">English dialogue, with optional French, Spanish subtitles, English subtitles for the deaf and hard of hearing; closed-captioned.</marc:subfield>
          </marc:datafield>
          <marc:datafield tag="586" ind1="8" ind2=" ">
            <marc:subfield code="a">Academy Awards, 2008: Best Achievement in Directing; Best Motion Picture of the Year; Best Performance by an Actor in a Supporting Role (Bardem); Best Writing, Screenplay Based on Material Previously Produced or Published. Golden Globes, USA, 2008: Golden Globe - Best Performance by an Actor in a Supporting Role in a Motion Picture (Javier Bardem) ; Best Screenplay - Motion Picture (Joel Coen, Ethan Coen)</marc:subfield>
          </marc:datafield>
          <marc:datafield tag="655" ind1=" " ind2="0">
            <marc:subfield code="a">Video recordings for the hearing impaired.</marc:subfield>
          </marc:datafield>
          <marc:datafield tag="655" ind1=" " ind2="7">
            <marc:subfield code="a">Crime.</marc:subfield>
            <marc:subfield code="2">migfg</marc:subfield>
          </marc:datafield>
          <marc:datafield tag="655" ind1=" " ind2="7">
            <marc:subfield code="a">Drama.</marc:subfield>
            <marc:subfield code="2">local</marc:subfield>
            <marc:subfield code="5">NRU</marc:subfield>
          </marc:datafield>
          <marc:datafield tag="655" ind1=" " ind2="7">
            <marc:subfield code="a">Thriller.</marc:subfield>
            <marc:subfield code="2">migfg</marc:subfield>
          </marc:datafield>
          <marc:datafield tag="700" ind1="1" ind2=" ">
            <marc:subfield code="a">Rudin, Scott,</marc:subfield>
            <marc:subfield code="d">1958-</marc:subfield>
            <marc:subfield code="4">pro</marc:subfield>
          </marc:datafield>
          <marc:datafield tag="700" ind1="1" ind2=" ">
            <marc:subfield code="a">Coen, Ethan.</marc:subfield>
            <marc:subfield code="4">pro</marc:subfield>
            <marc:subfield code="4">aus</marc:subfield>
            <marc:subfield code="4">drt</marc:subfield>
          </marc:datafield>
          <marc:datafield tag="700" ind1="1" ind2=" ">
            <marc:subfield code="a">Coen, Joel.</marc:subfield>
            <marc:subfield code="4">pro</marc:subfield>
            <marc:subfield code="4">aus</marc:subfield>
            <marc:subfield code="4">drt</marc:subfield>
          </marc:datafield>
          <marc:datafield tag="700" ind1="1" ind2=" ">
            <marc:subfield code="a">Jones, Tommy Lee,</marc:subfield>
            <marc:subfield code="d">1946-</marc:subfield>
            <marc:subfield code="4">act</marc:subfield>
          </marc:datafield>
          <marc:datafield tag="700" ind1="1" ind2=" ">
            <marc:subfield code="a">Bardem, Javier,</marc:subfield>
            <marc:subfield code="d">1969-</marc:subfield>
            <marc:subfield code="4">act</marc:subfield>
          </marc:datafield>
          <marc:datafield tag="700" ind1="1" ind2=" ">
            <marc:subfield code="a">Brolin, Josh.</marc:subfield>
            <marc:subfield code="4">act</marc:subfield>
          </marc:datafield>
          <marc:datafield tag="700" ind1="1" ind2=" ">
            <marc:subfield code="a">Harrelson, Woody.</marc:subfield>
            <marc:subfield code="4">act</marc:subfield>
          </marc:datafield>
          <marc:datafield tag="700" ind1="1" ind2=" ">
            <marc:subfield code="a">MacDonald, Kelly,</marc:subfield>
            <marc:subfield code="d">1976-</marc:subfield>
            <marc:subfield code="4">act</marc:subfield>
          </marc:datafield>
          <marc:datafield tag="700" ind1="1" ind2=" ">
            <marc:subfield code="a">McCarthy, Cormac,</marc:subfield>
            <marc:subfield code="d">1933-</marc:subfield>
            <marc:subfield code="t">No country for old men.</marc:subfield>
          </marc:datafield>
          <marc:datafield tag="710" ind1="2" ind2=" ">
            <marc:subfield code="a">Miramax Films.</marc:subfield>
          </marc:datafield>
          <marc:datafield tag="710" ind1="2" ind2=" ">
            <marc:subfield code="a">Paramount Vantage.</marc:subfield>
          </marc:datafield>
          <marc:datafield tag="710" ind1="2" ind2=" ">
            <marc:subfield code="a">Miramax Home Entertainment (Firm)</marc:subfield>
          </marc:datafield>
          <marc:datafield tag="710" ind1="2" ind2=" ">
            <marc:subfield code="a">Buena Vista Home Entertainment (Firm)</marc:subfield>
          </marc:datafield>
          <marc:datafield tag="856" ind1="4" ind2="2">
            <marc:subfield code="u">http://www.mrqe.com/lookup?no+country</marc:subfield>
            <marc:subfield code="z">Connect to reviews of this title online</marc:subfield>
          </marc:datafield>
          <marc:datafield tag="938" ind1=" " ind2=" ">
            <marc:subfield code="a">YBP Library Services</marc:subfield>
            <marc:subfield code="b">YANK</marc:subfield>
            <marc:subfield code="n">2785961</marc:subfield>
          </marc:datafield>
          <marc:datafield tag="945" ind1=" " ind2=" ">
            <marc:subfield code="a">MARS</marc:subfield>
          </marc:datafield>
          <marc:datafield tag="994" ind1=" " ind2=" ">
            <marc:subfield code="a">C0</marc:subfield>
            <marc:subfield code="b">RRR</marc:subfield>
          </marc:datafield>
        </marc:record>
      </metadata>
    </record>