
    <record>
      <header>
        <identifier>oai:library.rochester.edu:URVoyager1/430</identifier>
        <datestamp>2011-03-23T15:43:35Z</datestamp>
        <setSpec>bib</setSpec>
      </header>
      <metadata>
        <marc:record xmlns:marc="http://www.loc.gov/MARC21/slim" xmlns:xsi="http://www.w3.org/2001/XMLSchema-instance" xsi:schemaLocation="http://www.loc.gov/MARC21/slim http://128.151.244.137:8080/OAIToolkit_demo_175/schema/MARC21slim_custom.xsd">
          <marc:leader>00943cas a22002770  4500</marc:leader>
          <marc:controlfield tag="001">4385</marc:controlfield>
          <marc:controlfield tag="005">20030625154158.0</marc:controlfield>
          <marc:controlfield tag="008">801002c18379999ohudr nea     0uuua1eng d</marc:controlfield>
          <marc:datafield tag="035" ind1=" " ind2=" ">
            <marc:subfield code="b">ocl</marc:subfield>
            <marc:subfield code="a">06777408</marc:subfield>
          </marc:datafield>
          <marc:datafield tag="035" ind1=" " ind2=" ">
            <marc:subfield code="9">00084221</marc:subfield>
          </marc:datafield>
          <marc:datafield tag="040" ind1=" " ind2=" ">
            <marc:subfield code="a">TXA</marc:subfield>
            <marc:subfield code="c">TXA</marc:subfield>
            <marc:subfield code="d">RRR</marc:subfield>
          </marc:datafield>
          <marc:datafield tag="049" ind1=" " ind2=" ">
            <marc:subfield code="a">RRRR</marc:subfield>
          </marc:datafield>
          <marc:datafield tag="099" ind1=" " ind2=" ">
            <marc:subfield code="a">FILM .H3334</marc:subfield>
          </marc:datafield>
          <marc:datafield tag="099" ind1=" " ind2=" ">
            <marc:subfield code="a">FILM</marc:subfield>
            <marc:subfield code="a">.H3334</marc:subfield>
          </marc:datafield>
          <marc:datafield tag="245" ind1="0" ind2="0">
            <marc:subfield code="a">Hartford courant</marc:subfield>
            <marc:subfield code="h">[microform].</marc:subfield>
          </marc:datafield>
          <marc:datafield tag="247" ind1="1" ind2="0">
            <marc:subfield code="a">Daily courant</marc:subfield>
            <marc:subfield code="f">1837-Dec. 31, 1839</marc:subfield>
          </marc:datafield>
          <marc:datafield tag="247" ind1="1" ind2="0">
            <marc:subfield code="a">Hartford daily courant</marc:subfield>
            <marc:subfield code="f">Jan. 2, 1840-July 8, 1887</marc:subfield>
          </marc:datafield>
          <marc:datafield tag="260" ind1=" " ind2=" ">
            <marc:subfield code="a">Hartford, Conn.,</marc:subfield>
            <marc:subfield code="b">John L. Boswell [etc.]</marc:subfield>
          </marc:datafield>
          <marc:datafield tag="300" ind1=" " ind2=" ">
            <marc:subfield code="a">64 v.</marc:subfield>
            <marc:subfield code="b">ill.</marc:subfield>
          </marc:datafield>
          <marc:datafield tag="362" ind1="0" ind2=" ">
            <marc:subfield code="a">Sept. 12, 1837-Jan.23,1901.</marc:subfield>
          </marc:datafield>
          <marc:datafield tag="500" ind1=" " ind2=" ">
            <marc:subfield code="a">Some pages missing when microfilmed; consult film for exact holdings.</marc:subfield>
          </marc:datafield>
          <marc:datafield tag="515" ind1=" " ind2=" ">
            <marc:subfield code="a">A prospectus was issued Aug. 29, 1837.</marc:subfield>
          </marc:datafield>
          <marc:datafield tag="533" ind1=" " ind2=" ">
            <marc:subfield code="a">Microfilm.</marc:subfield>
            <marc:subfield code="b">Sanford, N.C.,</marc:subfield>
            <marc:subfield code="c">Microfilming Corp. of America,</marc:subfield>
            <marc:subfield code="d">n.d.</marc:subfield>
            <marc:subfield code="e">130 reels. 35 mm.</marc:subfield>
          </marc:datafield>
          <marc:datafield tag="651" ind1=" " ind2="0">
            <marc:subfield code="a">Hartford (Conn.)</marc:subfield>
            <marc:subfield code="v">Newspapers.</marc:subfield>
          </marc:datafield>
          <marc:datafield tag="752" ind1=" " ind2=" ">
            <marc:subfield code="a">United States</marc:subfield>
            <marc:subfield code="b">Connecticut</marc:subfield>
            <marc:subfield code="d">Hartford</marc:subfield>
          </marc:datafield>
          <marc:datafield tag="910" ind1=" " ind2=" ">
            <marc:subfield code="a">810425</marc:subfield>
          </marc:datafield>
        </marc:record>
      </metadata>
    </record>