
    <record>
      <header>
        <identifier>oai:library.rochester.edu:URVoyager1/431</identifier>
        <datestamp>2011-03-23T15:43:35Z</datestamp>
        <setSpec>bib</setSpec>
      </header>
      <metadata>
        <marc:record xmlns:marc="http://www.loc.gov/MARC21/slim" xmlns:xsi="http://www.w3.org/2001/XMLSchema-instance" xsi:schemaLocation="http://www.loc.gov/MARC21/slim http://128.151.244.137:8080/OAIToolkit_demo_175/schema/MARC21slim_custom.xsd">
          <marc:leader>00978nam a22003130  4500</marc:leader>
          <marc:controlfield tag="001">444444</marc:controlfield>
          <marc:controlfield tag="008">750321s1913    enk           000 0 eng  </marc:controlfield>
          <marc:datafield tag="010" ind1=" " ind2=" ">
            <marc:subfield code="a">   13024871 </marc:subfield>
          </marc:datafield>
          <marc:datafield tag="020" ind1=" " ind2=" ">
            <marc:subfield code="a">0404078168</marc:subfield>
          </marc:datafield>
          <marc:datafield tag="035" ind1=" " ind2=" ">
            <marc:subfield code="b">ocm</marc:subfield>
            <marc:subfield code="a">01227882</marc:subfield>
          </marc:datafield>
          <marc:datafield tag="035" ind1=" " ind2=" ">
            <marc:subfield code="9">00362213</marc:subfield>
          </marc:datafield>
          <marc:datafield tag="040" ind1=" " ind2=" ">
            <marc:subfield code="c">ZEM</marc:subfield>
            <marc:subfield code="d">m.c.</marc:subfield>
            <marc:subfield code="d">RRR</marc:subfield>
          </marc:datafield>
          <marc:datafield tag="043" ind1=" " ind2=" ">
            <marc:subfield code="a">e-uk---</marc:subfield>
          </marc:datafield>
          <marc:datafield tag="049" ind1=" " ind2=" ">
            <marc:subfield code="a">RRRR</marc:subfield>
            <marc:subfield code="c">1,2</marc:subfield>
          </marc:datafield>
          <marc:datafield tag="050" ind1="0" ind2=" ">
            <marc:subfield code="a">PR509.L8</marc:subfield>
            <marc:subfield code="b">R5</marc:subfield>
          </marc:datafield>
          <marc:datafield tag="090" ind1=" " ind2=" ">
            <marc:subfield code="a">PR509</marc:subfield>
            <marc:subfield code="b">.R47 </marc:subfield>
          </marc:datafield>
          <marc:datafield tag="099" ind1=" " ind2=" ">
            <marc:subfield code="a">PR509 .R47 </marc:subfield>
          </marc:datafield>
          <marc:datafield tag="100" ind1="1" ind2=" ">
            <marc:subfield code="a">Rhys, Ernest,</marc:subfield>
            <marc:subfield code="d">1859-1946.</marc:subfield>
          </marc:datafield>
          <marc:datafield tag="245" ind1="1" ind2="0">
            <marc:subfield code="a">Lyric poetry,</marc:subfield>
            <marc:subfield code="c">by Ernest Rhys.</marc:subfield>
          </marc:datafield>
          <marc:datafield tag="260" ind1=" " ind2=" ">
            <marc:subfield code="a">London,</marc:subfield>
            <marc:subfield code="a">Toronto,</marc:subfield>
            <marc:subfield code="b">J. M. Dent and sons ltd.;</marc:subfield>
            <marc:subfield code="a">New York,</marc:subfield>
            <marc:subfield code="b">E. P. Dutton &amp; co.,</marc:subfield>
            <marc:subfield code="c">1913.</marc:subfield>
          </marc:datafield>
          <marc:datafield tag="300" ind1=" " ind2=" ">
            <marc:subfield code="a">x, 374 p.</marc:subfield>
            <marc:subfield code="c">21 cm.</marc:subfield>
          </marc:datafield>
          <marc:datafield tag="490" ind1="1" ind2=" ">
            <marc:subfield code="a">The Channels of English Literature.</marc:subfield>
          </marc:datafield>
          <marc:datafield tag="650" ind1=" " ind2="0">
            <marc:subfield code="a">English poetry</marc:subfield>
            <marc:subfield code="x">History and criticism.</marc:subfield>
          </marc:datafield>
          <marc:datafield tag="650" ind1=" " ind2="0">
            <marc:subfield code="a">Lyric poetry</marc:subfield>
            <marc:subfield code="x">History and criticism.</marc:subfield>
          </marc:datafield>
          <marc:datafield tag="830" ind1=" " ind2="0">
            <marc:subfield code="a">Channels of English literature.</marc:subfield>
          </marc:datafield>
          <marc:datafield tag="910" ind1=" " ind2=" ">
            <marc:subfield code="a">  950906        </marc:subfield>
          </marc:datafield>
          <marc:datafield tag="911" ind1=" " ind2=" ">
            <marc:subfield code="a">u</marc:subfield>
          </marc:datafield>
          <marc:datafield tag="966" ind1=" " ind2=" ">
            <marc:subfield code="l">Stack </marc:subfield>
            <marc:subfield code="m">RMON  </marc:subfield>
            <marc:subfield code="s">PR509 .R47 </marc:subfield>
            <marc:subfield code="b">39087005864147</marc:subfield>
          </marc:datafield>
          <marc:datafield tag="966" ind1=" " ind2=" ">
            <marc:subfield code="l">Stack </marc:subfield>
            <marc:subfield code="m">RMON  </marc:subfield>
            <marc:subfield code="s">PR509 .R47 </marc:subfield>
            <marc:subfield code="b">39087005864154</marc:subfield>
          </marc:datafield>
        </marc:record>
      </metadata>
    </record>