
    <record>
      <header>
        <identifier>oai:library.rochester.edu:URVoyager1/436</identifier>
        <datestamp>2011-03-23T15:43:35Z</datestamp>
        <setSpec>bib</setSpec>
      </header>
      <metadata>
        <marc:record xmlns:marc="http://www.loc.gov/MARC21/slim" xmlns:xsi="http://www.w3.org/2001/XMLSchema-instance" xsi:schemaLocation="http://www.loc.gov/MARC21/slim http://128.151.244.137:8080/OAIToolkit_demo_175/schema/MARC21slim_custom.xsd">
          <marc:leader>00673cas a2200241Ia 4500</marc:leader>
          <marc:controlfield tag="001">500167</marc:controlfield>
          <marc:controlfield tag="005">20081113143711.0</marc:controlfield>
          <marc:controlfield tag="008">831210u1919uuuumaumr p       0   a0eng d</marc:controlfield>
          <marc:datafield tag="035" ind1=" " ind2=" ">
            <marc:subfield code="a">(OCoLC)ocm10208729</marc:subfield>
          </marc:datafield>
          <marc:datafield tag="035" ind1=" " ind2=" ">
            <marc:subfield code="a">(OCoLC)10208729</marc:subfield>
          </marc:datafield>
          <marc:datafield tag="040" ind1=" " ind2=" ">
            <marc:subfield code="a">VRR</marc:subfield>
            <marc:subfield code="c">VRR</marc:subfield>
            <marc:subfield code="d">NYS</marc:subfield>
          </marc:datafield>
          <marc:datafield tag="049" ind1=" " ind2=" ">
            <marc:subfield code="a">RESM</marc:subfield>
          </marc:datafield>
          <marc:datafield tag="050" ind1=" " ind2="4">
            <marc:subfield code="a">ML1</marc:subfield>
            <marc:subfield code="b">.N17</marc:subfield>
          </marc:datafield>
          <marc:datafield tag="245" ind1="0" ind2="4">
            <marc:subfield code="a">The New England Conservatory of Music bulletin.</marc:subfield>
          </marc:datafield>
          <marc:datafield tag="246" ind1="0" ind2="0">
            <marc:subfield code="a">Bulletin</marc:subfield>
          </marc:datafield>
          <marc:datafield tag="246" ind1="0" ind2="7">
            <marc:subfield code="a">Conservatory bulletin</marc:subfield>
          </marc:datafield>
          <marc:datafield tag="260" ind1=" " ind2=" ">
            <marc:subfield code="a">Boston :</marc:subfield>
            <marc:subfield code="b">New England Conservatory of Music,</marc:subfield>
            <marc:subfield code="c">1919-</marc:subfield>
          </marc:datafield>
          <marc:datafield tag="300" ind1=" " ind2=" ">
            <marc:subfield code="a">v. ;</marc:subfield>
            <marc:subfield code="c">28 cm.</marc:subfield>
          </marc:datafield>
          <marc:datafield tag="310" ind1=" " ind2=" ">
            <marc:subfield code="a">Monthly</marc:subfield>
          </marc:datafield>
          <marc:datafield tag="362" ind1="1" ind2=" ">
            <marc:subfield code="a">Vol. 1, no. 1 (Feb. 1919)-</marc:subfield>
          </marc:datafield>
          <marc:datafield tag="500" ind1=" " ind2=" ">
            <marc:subfield code="a">Title from caption.</marc:subfield>
          </marc:datafield>
          <marc:datafield tag="710" ind1="2" ind2=" ">
            <marc:subfield code="a">New England Conservatory of Music.</marc:subfield>
          </marc:datafield>
          <marc:datafield tag="994" ind1=" " ind2=" ">
            <marc:subfield code="a">C0</marc:subfield>
            <marc:subfield code="b">RES</marc:subfield>
          </marc:datafield>
        </marc:record>
      </metadata>
    </record>