
    <record>
      <header>
        <identifier>oai:library.rochester.edu:URVoyager1/444</identifier>
        <datestamp>2011-03-23T15:43:35Z</datestamp>
        <setSpec>bib</setSpec>
      </header>
      <metadata>
        <marc:record xmlns:marc="http://www.loc.gov/MARC21/slim" xmlns:xsi="http://www.w3.org/2001/XMLSchema-instance" xsi:schemaLocation="http://www.loc.gov/MARC21/slim http://128.151.244.137:8080/OAIToolkit_demo_175/schema/MARC21slim_custom.xsd">
          <marc:leader>00820cam a22002650  4500</marc:leader>
          <marc:controlfield tag="001">824214</marc:controlfield>
          <marc:controlfield tag="008">740723q19401949nyu           000 1 eng  </marc:controlfield>
          <marc:datafield tag="010" ind1=" " ind2=" ">
            <marc:subfield code="a">   36022325 </marc:subfield>
          </marc:datafield>
          <marc:datafield tag="035" ind1=" " ind2=" ">
            <marc:subfield code="b">ocm</marc:subfield>
            <marc:subfield code="a">00958956</marc:subfield>
          </marc:datafield>
          <marc:datafield tag="035" ind1=" " ind2=" ">
            <marc:subfield code="9">00761555</marc:subfield>
          </marc:datafield>
          <marc:datafield tag="040" ind1=" " ind2=" ">
            <marc:subfield code="a">DLC</marc:subfield>
            <marc:subfield code="c">KSU</marc:subfield>
            <marc:subfield code="d">m.c.</marc:subfield>
            <marc:subfield code="d">OCL</marc:subfield>
            <marc:subfield code="d">RRR</marc:subfield>
          </marc:datafield>
          <marc:datafield tag="049" ind1=" " ind2=" ">
            <marc:subfield code="a">RRRR</marc:subfield>
          </marc:datafield>
          <marc:datafield tag="050" ind1="0" ind2=" ">
            <marc:subfield code="a">PZ3.D35</marc:subfield>
            <marc:subfield code="b">Ta 83</marc:subfield>
          </marc:datafield>
          <marc:datafield tag="090" ind1=" " ind2=" ">
            <marc:subfield code="a">PR4571</marc:subfield>
            <marc:subfield code="b">.A1mo</marc:subfield>
          </marc:datafield>
          <marc:datafield tag="099" ind1=" " ind2=" ">
            <marc:subfield code="a">PR4571 .A1mo</marc:subfield>
          </marc:datafield>
          <marc:datafield tag="100" ind1="1" ind2=" ">
            <marc:subfield code="a">Dickens, Charles,</marc:subfield>
            <marc:subfield code="d">1812-1870.</marc:subfield>
          </marc:datafield>
          <marc:datafield tag="245" ind1="1" ind2="2">
            <marc:subfield code="a">A tale of two cities.</marc:subfield>
          </marc:datafield>
          <marc:datafield tag="260" ind1=" " ind2=" ">
            <marc:subfield code="a">New York,</marc:subfield>
            <marc:subfield code="b">The Modern Library</marc:subfield>
            <marc:subfield code="c">[194-?]</marc:subfield>
          </marc:datafield>
          <marc:datafield tag="300" ind1=" " ind2=" ">
            <marc:subfield code="a">x, 397 p.</marc:subfield>
            <marc:subfield code="c">19 cm.</marc:subfield>
          </marc:datafield>
          <marc:datafield tag="490" ind1="1" ind2=" ">
            <marc:subfield code="a">The modern library of the world's best books.</marc:subfield>
            <marc:subfield code="v">[no.189]</marc:subfield>
          </marc:datafield>
          <marc:datafield tag="651" ind1=" " ind2="0">
            <marc:subfield code="a">France</marc:subfield>
            <marc:subfield code="x">History</marc:subfield>
            <marc:subfield code="y">Revolution, 1789-1799</marc:subfield>
            <marc:subfield code="x">Fiction.</marc:subfield>
          </marc:datafield>
          <marc:datafield tag="830" ind1=" " ind2="0">
            <marc:subfield code="a">Modern library of the world's best books ;</marc:subfield>
            <marc:subfield code="v">189</marc:subfield>
          </marc:datafield>
          <marc:datafield tag="910" ind1=" " ind2=" ">
            <marc:subfield code="a">  951204        </marc:subfield>
          </marc:datafield>
          <marc:datafield tag="911" ind1=" " ind2=" ">
            <marc:subfield code="a">u</marc:subfield>
          </marc:datafield>
          <marc:datafield tag="966" ind1=" " ind2=" ">
            <marc:subfield code="l">Stack </marc:subfield>
            <marc:subfield code="m">RMON  </marc:subfield>
            <marc:subfield code="s">PR4571 .A1mo</marc:subfield>
            <marc:subfield code="b">39087005290996</marc:subfield>
          </marc:datafield>
        </marc:record>
      </metadata>
    </record>