
    <record>
      <header>
        <identifier>oai:library.rochester.edu:URVoyager1/445</identifier>
        <datestamp>2011-03-23T15:43:35Z</datestamp>
        <setSpec>bib</setSpec>
      </header>
      <metadata>
        <marc:record xmlns:marc="http://www.loc.gov/MARC21/slim" xmlns:xsi="http://www.w3.org/2001/XMLSchema-instance" xsi:schemaLocation="http://www.loc.gov/MARC21/slim http://128.151.244.137:8080/OAIToolkit_demo_175/schema/MARC21slim_custom.xsd">
          <marc:leader>00984ccm a2200277 a 4500</marc:leader>
          <marc:controlfield tag="001">83475</marc:controlfield>
          <marc:controlfield tag="005">20080620125518.0</marc:controlfield>
          <marc:controlfield tag="008">861202s1984    nyuzzz         n    N/A d</marc:controlfield>
          <marc:datafield tag="028" ind1="3" ind2="0">
            <marc:subfield code="a">67040</marc:subfield>
            <marc:subfield code="b">Edition Peters</marc:subfield>
          </marc:datafield>
          <marc:datafield tag="035" ind1=" " ind2=" ">
            <marc:subfield code="b">ocm</marc:subfield>
            <marc:subfield code="a">14912531</marc:subfield>
          </marc:datafield>
          <marc:datafield tag="035" ind1=" " ind2=" ">
            <marc:subfield code="9">01316873</marc:subfield>
          </marc:datafield>
          <marc:datafield tag="040" ind1=" " ind2=" ">
            <marc:subfield code="a">CIA</marc:subfield>
            <marc:subfield code="c">CIA</marc:subfield>
            <marc:subfield code="d">RES</marc:subfield>
          </marc:datafield>
          <marc:datafield tag="048" ind1=" " ind2=" ">
            <marc:subfield code="a">wa01</marc:subfield>
            <marc:subfield code="a">wc01</marc:subfield>
            <marc:subfield code="a">bd01</marc:subfield>
            <marc:subfield code="a">pz03</marc:subfield>
            <marc:subfield code="a">ka01</marc:subfield>
            <marc:subfield code="a">sa01</marc:subfield>
            <marc:subfield code="a">vc01</marc:subfield>
          </marc:datafield>
          <marc:datafield tag="049" ind1=" " ind2=" ">
            <marc:subfield code="a">RESM</marc:subfield>
          </marc:datafield>
          <marc:datafield tag="090" ind1=" " ind2=" ">
            <marc:subfield code="a">M3</marc:subfield>
            <marc:subfield code="b">.C131 v.66</marc:subfield>
          </marc:datafield>
          <marc:datafield tag="099" ind1=" " ind2=" ">
            <marc:subfield code="a">M3 .C131 v.66</marc:subfield>
          </marc:datafield>
          <marc:datafield tag="100" ind1="1" ind2=" ">
            <marc:subfield code="a">Cage, John.</marc:subfield>
          </marc:datafield>
          <marc:datafield tag="240" ind1="1" ind2="0">
            <marc:subfield code="a">Music for</marc:subfield>
          </marc:datafield>
          <marc:datafield tag="245" ind1="1" ind2="0">
            <marc:subfield code="a">Music for... /</marc:subfield>
            <marc:subfield code="c">John Cage.</marc:subfield>
          </marc:datafield>
          <marc:datafield tag="260" ind1=" " ind2=" ">
            <marc:subfield code="a">New York :</marc:subfield>
            <marc:subfield code="b">Henmar Press ; sole selling agents: C. F. Peters,</marc:subfield>
            <marc:subfield code="c">c1984.</marc:subfield>
          </marc:datafield>
          <marc:datafield tag="300" ind1=" " ind2=" ">
            <marc:subfield code="a">9 parts ;</marc:subfield>
            <marc:subfield code="c">36 cm.</marc:subfield>
          </marc:datafield>
          <marc:datafield tag="500" ind1=" " ind2=" ">
            <marc:subfield code="a">"Parts for flute, clarinet, trombone, three percussion, piano, violin, and cello without score (no fixed relation), title to be completed by adding to "Music for" -- the number of players performing."</marc:subfield>
          </marc:datafield>
          <marc:datafield tag="650" ind1=" " ind2="0">
            <marc:subfield code="a">Instrumental ensembles</marc:subfield>
            <marc:subfield code="v">Parts.</marc:subfield>
          </marc:datafield>
          <marc:datafield tag="910" ind1=" " ind2=" ">
            <marc:subfield code="a">19960716152404.0</marc:subfield>
          </marc:datafield>
          <marc:datafield tag="911" ind1=" " ind2=" ">
            <marc:subfield code="a">u</marc:subfield>
          </marc:datafield>
          <marc:datafield tag="966" ind1=" " ind2=" ">
            <marc:subfield code="l">/Csstk</marc:subfield>
            <marc:subfield code="m">SCOLL</marc:subfield>
            <marc:subfield code="s">M3 .C131 v.66</marc:subfield>
            <marc:subfield code="c">1</marc:subfield>
            <marc:subfield code="b">39087015849716</marc:subfield>
          </marc:datafield>
        </marc:record>
      </metadata>
    </record>