
    <record>
      <header>
        <identifier>oai:library.rochester.edu:URVoyager1/454</identifier>
        <datestamp>2011-03-23T15:43:35Z</datestamp>
        <setSpec>bib</setSpec>
      </header>
      <metadata>
        <marc:record xmlns:marc="http://www.loc.gov/MARC21/slim" xmlns:xsi="http://www.w3.org/2001/XMLSchema-instance" xsi:schemaLocation="http://www.loc.gov/MARC21/slim http://128.151.244.137:8080/OAIToolkit_demo_175/schema/MARC21slim_custom.xsd">
          <marc:leader>01413cas a22003490  4500</marc:leader>
          <marc:controlfield tag="001">942016</marc:controlfield>
          <marc:controlfield tag="007">hdrafv   baca</marc:controlfield>
          <marc:controlfield tag="008">790504d18481928nyuwr p a     0   a0eng d</marc:controlfield>
          <marc:datafield tag="035" ind1=" " ind2=" ">
            <marc:subfield code="b">ocm</marc:subfield>
            <marc:subfield code="a">04927591</marc:subfield>
          </marc:datafield>
          <marc:datafield tag="035" ind1=" " ind2=" ">
            <marc:subfield code="9">00885524</marc:subfield>
          </marc:datafield>
          <marc:datafield tag="040" ind1=" " ind2=" ">
            <marc:subfield code="a">VHB</marc:subfield>
            <marc:subfield code="c">VHB</marc:subfield>
            <marc:subfield code="d">OCL</marc:subfield>
            <marc:subfield code="d">PES</marc:subfield>
            <marc:subfield code="d">DLC</marc:subfield>
            <marc:subfield code="d">RRR</marc:subfield>
          </marc:datafield>
          <marc:datafield tag="049" ind1=" " ind2=" ">
            <marc:subfield code="a">RRSR</marc:subfield>
          </marc:datafield>
          <marc:datafield tag="099" ind1=" " ind2=" ">
            <marc:subfield code="a">FILM Una191 reels 418, 1420- 1481</marc:subfield>
          </marc:datafield>
          <marc:datafield tag="099" ind1=" " ind2="9">
            <marc:subfield code="a">FILM</marc:subfield>
            <marc:subfield code="a">Una191</marc:subfield>
            <marc:subfield code="a">reels</marc:subfield>
            <marc:subfield code="a">418,</marc:subfield>
            <marc:subfield code="a">1420-</marc:subfield>
            <marc:subfield code="a">1481</marc:subfield>
          </marc:datafield>
          <marc:datafield tag="130" ind1="0" ind2=" ">
            <marc:subfield code="a">Independent (New York, N.Y. : 1848)</marc:subfield>
          </marc:datafield>
          <marc:datafield tag="245" ind1="0" ind2="4">
            <marc:subfield code="a">The Independent</marc:subfield>
            <marc:subfield code="h">[microform].</marc:subfield>
          </marc:datafield>
          <marc:datafield tag="246" ind1="3" ind2="4">
            <marc:subfield code="a">Independent and weekly review</marc:subfield>
          </marc:datafield>
          <marc:datafield tag="260" ind1=" " ind2=" ">
            <marc:subfield code="a">New York, N.Y. :</marc:subfield>
            <marc:subfield code="b">Published for the proprietors by S. W. Benedict,</marc:subfield>
            <marc:subfield code="c">1848-1928.</marc:subfield>
          </marc:datafield>
          <marc:datafield tag="300" ind1=" " ind2=" ">
            <marc:subfield code="a">121 v. :</marc:subfield>
            <marc:subfield code="b">ill.</marc:subfield>
          </marc:datafield>
          <marc:datafield tag="310" ind1=" " ind2=" ">
            <marc:subfield code="a">Weekly</marc:subfield>
          </marc:datafield>
          <marc:datafield tag="362" ind1="0" ind2=" ">
            <marc:subfield code="a">Vol. 1, no. 1 (Dec. 7, 1848)-v. 121 (Oct. 13, 1928) = [Whole no.] 1-4089.</marc:subfield>
          </marc:datafield>
          <marc:datafield tag="500" ind1=" " ind2=" ">
            <marc:subfield code="a">Title from caption.</marc:subfield>
          </marc:datafield>
          <marc:datafield tag="500" ind1=" " ind2=" ">
            <marc:subfield code="a">Title varies slightly.</marc:subfield>
          </marc:datafield>
          <marc:datafield tag="533" ind1=" " ind2=" ">
            <marc:subfield code="a">Microfilm.</marc:subfield>
            <marc:subfield code="b">Ann Arbor, Mich. :</marc:subfield>
            <marc:subfield code="c">Xerox University Microfilms,</marc:subfield>
            <marc:subfield code="d">[n.d.], 1974.</marc:subfield>
            <marc:subfield code="e">63 microfilm reels ; 35 mm.</marc:subfield>
            <marc:subfield code="f">(American periodical series: 1800-1850 ; 418, 1420-1481)</marc:subfield>
          </marc:datafield>
          <marc:datafield tag="580" ind1=" " ind2=" ">
            <marc:subfield code="a">Absorbed: The Chautauquan in June 1914; Harper's weekly in May 1916; Countryside and suburban life in Aug. 1917.</marc:subfield>
          </marc:datafield>
          <marc:datafield tag="780" ind1="0" ind2="5">
            <marc:subfield code="t">Chautauquan</marc:subfield>
          </marc:datafield>
          <marc:datafield tag="780" ind1="0" ind2="5">
            <marc:subfield code="t">Harper's weekly</marc:subfield>
          </marc:datafield>
          <marc:datafield tag="780" ind1="0" ind2="5">
            <marc:subfield code="t">Countryside and suburban life</marc:subfield>
          </marc:datafield>
          <marc:datafield tag="910" ind1=" " ind2=" ">
            <marc:subfield code="a">  950805        </marc:subfield>
          </marc:datafield>
          <marc:datafield tag="911" ind1=" " ind2=" ">
            <marc:subfield code="a">p</marc:subfield>
          </marc:datafield>
          <marc:datafield tag="930" ind1=" " ind2=" ">
            <marc:subfield code="l">Micro </marc:subfield>
            <marc:subfield code="d"> FILM Una191 reels 418, 1420-1481 </marc:subfield>
            <marc:subfield code="j"> v.1-121 </marc:subfield>
            <marc:subfield code="g"> 5</marc:subfield>
          </marc:datafield>
          <marc:datafield tag="966" ind1=" " ind2=" ">
            <marc:subfield code="l">Micro </marc:subfield>
            <marc:subfield code="m">RMIC  </marc:subfield>
            <marc:subfield code="s">FILM Una191 reels 418, 1420- 1481</marc:subfield>
          </marc:datafield>
        </marc:record>
      </metadata>
    </record>