
    <record>
      <header>
        <identifier>oai:library.rochester.edu:URVoyager1/458</identifier>
        <datestamp>2011-03-23T15:43:35Z</datestamp>
        <setSpec>bib</setSpec>
      </header>
      <metadata>
        <marc:record xmlns:marc="http://www.loc.gov/MARC21/slim" xmlns:xsi="http://www.w3.org/2001/XMLSchema-instance" xsi:schemaLocation="http://www.loc.gov/MARC21/slim http://128.151.244.137:8080/OAIToolkit_demo_175/schema/MARC21slim_custom.xsd">
          <marc:leader>00955pam a2200289 a 4500</marc:leader>
          <marc:controlfield tag="001">997125</marc:controlfield>
          <marc:controlfield tag="008">890628s1989    mau      b    001 0 eng  </marc:controlfield>
          <marc:datafield tag="010" ind1=" " ind2=" ">
            <marc:subfield code="a">   89015525 </marc:subfield>
          </marc:datafield>
          <marc:datafield tag="020" ind1=" " ind2=" ">
            <marc:subfield code="a">0805787186</marc:subfield>
          </marc:datafield>
          <marc:datafield tag="020" ind1=" " ind2=" ">
            <marc:subfield code="a">0805787194 (pbk.)</marc:subfield>
          </marc:datafield>
          <marc:datafield tag="035" ind1=" " ind2=" ">
            <marc:subfield code="b">ocm</marc:subfield>
            <marc:subfield code="a">20016870 </marc:subfield>
          </marc:datafield>
          <marc:datafield tag="035" ind1=" " ind2=" ">
            <marc:subfield code="9">00942143</marc:subfield>
          </marc:datafield>
          <marc:datafield tag="040" ind1=" " ind2=" ">
            <marc:subfield code="a">DLC</marc:subfield>
            <marc:subfield code="c">DLC</marc:subfield>
            <marc:subfield code="d">RRR</marc:subfield>
          </marc:datafield>
          <marc:datafield tag="049" ind1=" " ind2=" ">
            <marc:subfield code="a">RRRR</marc:subfield>
          </marc:datafield>
          <marc:datafield tag="050" ind1="0" ind2="0">
            <marc:subfield code="a">PR2801</marc:subfield>
            <marc:subfield code="b">.Z58 1989</marc:subfield>
          </marc:datafield>
          <marc:datafield tag="099" ind1=" " ind2=" ">
            <marc:subfield code="a">PR2801 .Z58 1989</marc:subfield>
          </marc:datafield>
          <marc:datafield tag="100" ind1="1" ind2=" ">
            <marc:subfield code="a">Zitner, Sheldon P.</marc:subfield>
          </marc:datafield>
          <marc:datafield tag="245" ind1="1" ind2="0">
            <marc:subfield code="a">All's well that ends well /</marc:subfield>
            <marc:subfield code="c">Sheldon P. Zitner.</marc:subfield>
          </marc:datafield>
          <marc:datafield tag="260" ind1=" " ind2=" ">
            <marc:subfield code="a">Boston :</marc:subfield>
            <marc:subfield code="b">Twayne Publishers,</marc:subfield>
            <marc:subfield code="c">c1989.</marc:subfield>
          </marc:datafield>
          <marc:datafield tag="300" ind1=" " ind2=" ">
            <marc:subfield code="a">xxv, 187 p. ;</marc:subfield>
            <marc:subfield code="c">23 cm.</marc:subfield>
          </marc:datafield>
          <marc:datafield tag="490" ind1="1" ind2=" ">
            <marc:subfield code="a">Twayne's new critical introductions to Shakespeare</marc:subfield>
          </marc:datafield>
          <marc:datafield tag="504" ind1=" " ind2=" ">
            <marc:subfield code="a">Includes bibliographical references (p. 181-183) and index.</marc:subfield>
          </marc:datafield>
          <marc:datafield tag="600" ind1="1" ind2="0">
            <marc:subfield code="a">Shakespeare, William,</marc:subfield>
            <marc:subfield code="d">1564-1616.</marc:subfield>
            <marc:subfield code="t">All's well that ends well.</marc:subfield>
          </marc:datafield>
          <marc:datafield tag="830" ind1=" " ind2="0">
            <marc:subfield code="a">Twayne's new critical introductions to Shakespeare</marc:subfield>
          </marc:datafield>
          <marc:datafield tag="910" ind1=" " ind2=" ">
            <marc:subfield code="a">  950906        </marc:subfield>
          </marc:datafield>
          <marc:datafield tag="911" ind1=" " ind2=" ">
            <marc:subfield code="a">p</marc:subfield>
          </marc:datafield>
          <marc:datafield tag="966" ind1=" " ind2=" ">
            <marc:subfield code="l">Stack </marc:subfield>
            <marc:subfield code="m">RMON </marc:subfield>
            <marc:subfield code="s">PR2801 .Z58 1989</marc:subfield>
            <marc:subfield code="b">39087012223659</marc:subfield>
          </marc:datafield>
        </marc:record>
      </metadata>
    </record>
    <record>
      <header>
        <identifier>oai:library.rochester.edu:URVoyager1/459</identifier>
        <datestamp>2011-03-23T15:43:35Z</datestamp>
        <setSpec>hold</setSpec>
      </header>
      <metadata>
        <marc:record xmlns:marc="http://www.loc.gov/MARC21/slim" xmlns:xsi="http://www.w3.org/2001/XMLSchema-instance" xsi:schemaLocation="http://www.loc.gov/MARC21/slim http://128.151.244.137:8080/OAIToolkit_demo_175/schema/MARC21slim_custom.xsd">
          <marc:leader>04074cx  a22008533  4500</marc:leader>
          <marc:controlfield tag="001">1041697</marc:controlfield>
          <marc:controlfield tag="004">942016</marc:controlfield>
          <marc:controlfield tag="005">20060830135215.0</marc:controlfield>
          <marc:controlfield tag="008">9612090p    0   4001au   0000000</marc:controlfield>
          <marc:datafield tag="852" ind1="8" ind2=" ">
            <marc:subfield code="b">NewsMicro</marc:subfield>
            <marc:subfield code="h">FILM .Una191 reel 418, 1420- 1481</marc:subfield>
          </marc:datafield>
          <marc:datafield tag="866" ind1="3" ind2="0">
            <marc:subfield code="a">Vol. 1, no. 1 (Dec. 7, 1848)-v. 121 (Oct. 13, 1928) = [Whole no.] 1-4089.</marc:subfield>
          </marc:datafield>
          <marc:datafield tag="866" ind1=" " ind2="0">
            <marc:subfield code="a">v. 1-2 (Dec. 7, 1848-Dec. 1850) = reel 418</marc:subfield>
          </marc:datafield>
          <marc:datafield tag="866" ind1=" " ind2="0">
            <marc:subfield code="a">v. 3-5 (Jan. 2, 1851-Dec. 29, 1853) = reel 1420</marc:subfield>
          </marc:datafield>
          <marc:datafield tag="866" ind1=" " ind2="0">
            <marc:subfield code="a">v. 6-7 (Jan. 5, 1854-Dec. 27, 1855) = reel 1421</marc:subfield>
          </marc:datafield>
          <marc:datafield tag="866" ind1=" " ind2="0">
            <marc:subfield code="a">v. 8-9 (Jan. 3, 1856-Dec. 31, 1857) = reel 1422</marc:subfield>
          </marc:datafield>
          <marc:datafield tag="866" ind1=" " ind2="0">
            <marc:subfield code="a">v. 10-11 (Jan. 7, 1858-Dec. 29, 1859) = reel 1423</marc:subfield>
          </marc:datafield>
          <marc:datafield tag="866" ind1=" " ind2="0">
            <marc:subfield code="a">v. 12-13 (Jan. 5, 1860-Dec. 26, 1861) = reel 1424</marc:subfield>
          </marc:datafield>
          <marc:datafield tag="866" ind1=" " ind2="0">
            <marc:subfield code="a">v. 14-15 (Jan. 2, 1862-Dec. 31, 1863) = reel 1425</marc:subfield>
          </marc:datafield>
          <marc:datafield tag="866" ind1=" " ind2="0">
            <marc:subfield code="a">v. 16-17 (Jan. 7, 1864-Dec. 28, 1865) = reel 1426</marc:subfield>
          </marc:datafield>
          <marc:datafield tag="866" ind1=" " ind2="0">
            <marc:subfield code="a">v. 18-19 (Jan. 4, 1866-Dec. 26, 1867) = reel 1427</marc:subfield>
          </marc:datafield>
          <marc:datafield tag="866" ind1=" " ind2="0">
            <marc:subfield code="a">v. 20-21 (Jan. 2, 1868-Dec. 30, 1869) = reel 1428</marc:subfield>
          </marc:datafield>
          <marc:datafield tag="866" ind1=" " ind2="0">
            <marc:subfield code="a">v. 22 (Jan. 6-Dec. 29, 1870) = reel 1429</marc:subfield>
          </marc:datafield>
          <marc:datafield tag="866" ind1=" " ind2="0">
            <marc:subfield code="a">v. 23 (Jan. 5-Dec. 28, 1871) = reel 1430</marc:subfield>
          </marc:datafield>
          <marc:datafield tag="866" ind1=" " ind2="0">
            <marc:subfield code="a">v. 24 (Jan. 4-Dec. 26, 1872) = reel 1431</marc:subfield>
          </marc:datafield>
          <marc:datafield tag="866" ind1=" " ind2="0">
            <marc:subfield code="a">v. 25 (Jan. 2-Dec. 25, 1873) = reel 1432</marc:subfield>
          </marc:datafield>
          <marc:datafield tag="866" ind1=" " ind2="0">
            <marc:subfield code="a">v. 26 (Jan. 1-Dec. 31, 1874) = reel 1433</marc:subfield>
          </marc:datafield>
          <marc:datafield tag="866" ind1=" " ind2="0">
            <marc:subfield code="a">v. 27 (Jan. 7-Dec. 30, 1875) = reel 1434</marc:subfield>
          </marc:datafield>
          <marc:datafield tag="866" ind1=" " ind2="0">
            <marc:subfield code="a">v. 28 (Jan. 6-Dec. 28, 1876) = reel 1435</marc:subfield>
          </marc:datafield>
          <marc:datafield tag="866" ind1=" " ind2="0">
            <marc:subfield code="a">v. 29 (Jan. 4-Dec. 27, 1877) = reel 1436</marc:subfield>
          </marc:datafield>
          <marc:datafield tag="866" ind1=" " ind2="0">
            <marc:subfield code="a">v. 30 (Jan. 3-Dec. 26, 1878) = reel 1437</marc:subfield>
          </marc:datafield>
          <marc:datafield tag="866" ind1=" " ind2="0">
            <marc:subfield code="a">v. 31 (Jan. 2-Dec. 25, 1879) = reel 1438</marc:subfield>
          </marc:datafield>
          <marc:datafield tag="866" ind1=" " ind2="0">
            <marc:subfield code="a">v. 32 (Jan. 1-Dec. 30, 1880) = reel 1439</marc:subfield>
          </marc:datafield>
          <marc:datafield tag="866" ind1=" " ind2="0">
            <marc:subfield code="a">v. 33 (Jan. 6-Dec. 29, 1881) = reel 1440</marc:subfield>
          </marc:datafield>
          <marc:datafield tag="866" ind1=" " ind2="0">
            <marc:subfield code="a">v. 34 (Jan. 5-Dec. 28, 1882) = reel 1441</marc:subfield>
          </marc:datafield>
          <marc:datafield tag="866" ind1=" " ind2="0">
            <marc:subfield code="a">v. 35 (Jan. 4-Dec. 27, 1883) = reel 1442</marc:subfield>
          </marc:datafield>
          <marc:datafield tag="866" ind1=" " ind2="0">
            <marc:subfield code="a">v. 36 (Jan. 3-Dec. 25, 1884) = reel 1443</marc:subfield>
          </marc:datafield>
          <marc:datafield tag="866" ind1=" " ind2="0">
            <marc:subfield code="a">v. 37 (Jan. 1-Dec. 31, 1885) = reel 1444</marc:subfield>
          </marc:datafield>
          <marc:datafield tag="866" ind1=" " ind2="0">
            <marc:subfield code="a">v. 38 (Jan. 7-Dec. 30, 1886) = reel 1445</marc:subfield>
          </marc:datafield>
          <marc:datafield tag="866" ind1=" " ind2="0">
            <marc:subfield code="a">v. 39 (Jan. 20-Dec. 29, 1887) = reel 1446</marc:subfield>
          </marc:datafield>
          <marc:datafield tag="866" ind1=" " ind2="0">
            <marc:subfield code="a">v. 40 (Jan. 5-Dec. 27, 1888) = reel 1447</marc:subfield>
          </marc:datafield>
          <marc:datafield tag="866" ind1=" " ind2="0">
            <marc:subfield code="a">v. 41 (Jan. 3-Dec. 26, 1889) = reel 1448</marc:subfield>
          </marc:datafield>
          <marc:datafield tag="866" ind1=" " ind2="0">
            <marc:subfield code="a">v. 42 (Jan. 2-Dec. 25, 1890) = reel 1449</marc:subfield>
          </marc:datafield>
          <marc:datafield tag="866" ind1=" " ind2="0">
            <marc:subfield code="a">v. 43 (Jan. 1-Dec. 31, 1891) = reel 1450</marc:subfield>
          </marc:datafield>
          <marc:datafield tag="866" ind1=" " ind2="0">
            <marc:subfield code="a">v. 44 ( Jan. 7-Dec. 29, 1892) = reel 1451</marc:subfield>
          </marc:datafield>
          <marc:datafield tag="866" ind1=" " ind2="0">
            <marc:subfield code="a">v. 45 (Jan. 5-Dec. 28, 1893) = reel 1452</marc:subfield>
          </marc:datafield>
          <marc:datafield tag="866" ind1=" " ind2="0">
            <marc:subfield code="a">v. 46 (Jan. 4-Dec. 27, 1894) = reel 1453</marc:subfield>
          </marc:datafield>
          <marc:datafield tag="866" ind1=" " ind2="0">
            <marc:subfield code="a">v. 47 (Jan. 3-Dec. 26, 1895) = reel 1454</marc:subfield>
          </marc:datafield>
          <marc:datafield tag="866" ind1=" " ind2="0">
            <marc:subfield code="a">v. 48 (Jan. 2-Dec. 31, 1896) = reel 1455</marc:subfield>
          </marc:datafield>
          <marc:datafield tag="866" ind1=" " ind2="0">
            <marc:subfield code="a">v. 49 (Jan. 7-Dec. 30, 1897) = reel 1456</marc:subfield>
          </marc:datafield>
          <marc:datafield tag="866" ind1=" " ind2="0">
            <marc:subfield code="a">v. 50 (Jan. 6-Dec. 29, 1898) = reel 1457</marc:subfield>
          </marc:datafield>
          <marc:datafield tag="866" ind1=" " ind2="0">
            <marc:subfield code="a">v. 51 (Jan. 5-Dec. 28, 1899) = reel 1458</marc:subfield>
          </marc:datafield>
          <marc:datafield tag="866" ind1=" " ind2="0">
            <marc:subfield code="a">v. 52 (Jan. 4-Dec. 27, 1900) = reel 1459</marc:subfield>
          </marc:datafield>
          <marc:datafield tag="866" ind1=" " ind2="0">
            <marc:subfield code="a">v. 53 (Jan. 3-Dec. 26, 1901) = reel 1460</marc:subfield>
          </marc:datafield>
          <marc:datafield tag="866" ind1=" " ind2="0">
            <marc:subfield code="a">v. 54 (Jan. 2-Dec. 25, 1902) = reel 1461</marc:subfield>
          </marc:datafield>
          <marc:datafield tag="866" ind1=" " ind2="0">
            <marc:subfield code="a">v. 55 (Jan. 1-Dec. 31, 1903) = reel 1462</marc:subfield>
          </marc:datafield>
          <marc:datafield tag="866" ind1=" " ind2="0">
            <marc:subfield code="a">v. 56-57 (Jan. 7-Dec. 29, 1904) = reel 1463</marc:subfield>
          </marc:datafield>
          <marc:datafield tag="866" ind1=" " ind2="0">
            <marc:subfield code="a">v. 58-59 (Jan. 5-Dec. 28, 1905) = reel 1464</marc:subfield>
          </marc:datafield>
          <marc:datafield tag="866" ind1=" " ind2="0">
            <marc:subfield code="a">v. 60-61 (Jan. 4-Dec. 27, 1906) = reel 1465</marc:subfield>
          </marc:datafield>
          <marc:datafield tag="866" ind1=" " ind2="0">
            <marc:subfield code="a">v. 62-63 (Jan. 3-Dec. 26, 1907) = reel 1466</marc:subfield>
          </marc:datafield>
          <marc:datafield tag="866" ind1=" " ind2="0">
            <marc:subfield code="a">v. 64-65 (Jan. 2-Dec. 31, 1908) = reel 1467</marc:subfield>
          </marc:datafield>
          <marc:datafield tag="866" ind1=" " ind2="0">
            <marc:subfield code="a">v. 66-67 (Jan. 7-Dec. 30, 1909) = reel 1468</marc:subfield>
          </marc:datafield>
          <marc:datafield tag="866" ind1=" " ind2="0">
            <marc:subfield code="a">v. 68-69 (Jan. 6-Dec. 29, 1910) = reel 1469</marc:subfield>
          </marc:datafield>
          <marc:datafield tag="866" ind1=" " ind2="0">
            <marc:subfield code="a">v. 70-71 (Jan. 5-Dec. 28, 1911) = reel 1470</marc:subfield>
          </marc:datafield>
          <marc:datafield tag="866" ind1=" " ind2="0">
            <marc:subfield code="a">v. 72-73 (Jan. 4-Dec. 26, 1912) = reel 1471</marc:subfield>
          </marc:datafield>
          <marc:datafield tag="866" ind1=" " ind2="0">
            <marc:subfield code="a">v. 74-76 (Jan. 2-Dec. 25, 1913) = reel 1472</marc:subfield>
          </marc:datafield>
          <marc:datafield tag="866" ind1=" " ind2="0">
            <marc:subfield code="a">v. 77-80 (Jan. 5-Dec. 28, 1914) = reel 1473</marc:subfield>
          </marc:datafield>
          <marc:datafield tag="866" ind1=" " ind2="0">
            <marc:subfield code="a">v. 81-86 (Jan. 4, 1915-June 26, 1916) = reel 1474</marc:subfield>
          </marc:datafield>
          <marc:datafield tag="866" ind1=" " ind2="0">
            <marc:subfield code="a">v. 87-90 (July 3, 1916-June 30, 1917) = reel 1475</marc:subfield>
          </marc:datafield>
          <marc:datafield tag="866" ind1=" " ind2="0">
            <marc:subfield code="a">v. 91-93 (July 7, 1917-Mar. 30, 1918) = reel 1476</marc:subfield>
          </marc:datafield>
          <marc:datafield tag="866" ind1=" " ind2="0">
            <marc:subfield code="a">v. 94-100 (Apr. 6, 1918-Dec. 27, 1919) = reel 1477</marc:subfield>
          </marc:datafield>
          <marc:datafield tag="866" ind1=" " ind2="0">
            <marc:subfield code="a">v. 101-107 (Jan. 3, 1920-Dec. 31, 1921) = reel 1478</marc:subfield>
          </marc:datafield>
          <marc:datafield tag="866" ind1=" " ind2="0">
            <marc:subfield code="a">v. 108-113 (Jan. 7, 1922-Dec. 27, 1924) = reel 1479</marc:subfield>
          </marc:datafield>
          <marc:datafield tag="866" ind1=" " ind2="0">
            <marc:subfield code="a">v. 114-117 (Jan. 3, 1925-Dec. 25, 1926) = reel 1480</marc:subfield>
          </marc:datafield>
          <marc:datafield tag="866" ind1=" " ind2="0">
            <marc:subfield code="a">v. 118-121 (Jan. 1, 1927-Oct. 13, 1928) = reel 1481</marc:subfield>
          </marc:datafield>
        </marc:record>
      </metadata>
    </record>
    <record>
      <header>
        <identifier>oai:library.rochester.edu:URVoyager1/460</identifier>
        <datestamp>2011-03-23T15:43:35Z</datestamp>
        <setSpec>hold</setSpec>
      </header>
      <metadata>
        <marc:record xmlns:marc="http://www.loc.gov/MARC21/slim" xmlns:xsi="http://www.w3.org/2001/XMLSchema-instance" xsi:schemaLocation="http://www.loc.gov/MARC21/slim http://128.151.244.137:8080/OAIToolkit_demo_175/schema/MARC21slim_custom.xsd">
          <marc:leader>00248cx  a22001213  4500</marc:leader>
          <marc:controlfield tag="001">1053198</marc:controlfield>
          <marc:controlfield tag="004">952978</marc:controlfield>
          <marc:controlfield tag="004">952977</marc:controlfield>
          <marc:controlfield tag="005">20040712153406.0</marc:controlfield>
          <marc:controlfield tag="008">9612090u    0   4001uu   0000000</marc:controlfield>
          <marc:datafield tag="014" ind1=" " ind2=" ">
            <marc:subfield code="a">00896732</marc:subfield>
          </marc:datafield>
          <marc:datafield tag="014" ind1="1" ind2=" ">
            <marc:subfield code="a">952977</marc:subfield>
          </marc:datafield>
          <marc:datafield tag="852" ind1="0" ind2=" ">
            <marc:subfield code="b">SibStack</marc:subfield>
            <marc:subfield code="h">M1013</marc:subfield>
            <marc:subfield code="i">.B887 FS</marc:subfield>
          </marc:datafield>
        </marc:record>
      </metadata>
    </record>
    <record>
      <header>
        <identifier>oai:library.rochester.edu:URVoyager1/461</identifier>
        <datestamp>2011-03-23T15:43:35Z</datestamp>
        <setSpec>hold</setSpec>
      </header>
      <metadata>
        <marc:record xmlns:marc="http://www.loc.gov/MARC21/slim" xmlns:xsi="http://www.w3.org/2001/XMLSchema-instance" xsi:schemaLocation="http://www.loc.gov/MARC21/slim http://128.151.244.137:8080/OAIToolkit_demo_175/schema/MARC21slim_custom.xsd">
          <marc:leader>00208cx  a22000973  4500</marc:leader>
          <marc:controlfield tag="001">1071899</marc:controlfield>
          <marc:controlfield tag="004">970288</marc:controlfield>
          <marc:controlfield tag="005">19961209125950.0</marc:controlfield>
          <marc:controlfield tag="008">9612090u    0   4001uu   0000000</marc:controlfield>
          <marc:datafield tag="014" ind1=" " ind2=" ">
            <marc:subfield code="a">00914465</marc:subfield>
          </marc:datafield>
          <marc:datafield tag="852" ind1="0" ind2=" ">
            <marc:subfield code="b">SibRare</marc:subfield>
            <marc:subfield code="h">M1611.A748 C2 1755</marc:subfield>
          </marc:datafield>
        </marc:record>
      </metadata>
    </record>
    <record>
      <header>
        <identifier>oai:library.rochester.edu:URVoyager1/462</identifier>
        <datestamp>2011-03-23T15:43:35Z</datestamp>
        <setSpec>hold</setSpec>
      </header>
      <metadata>
        <marc:record xmlns:marc="http://www.loc.gov/MARC21/slim" xmlns:xsi="http://www.w3.org/2001/XMLSchema-instance" xsi:schemaLocation="http://www.loc.gov/MARC21/slim http://128.151.244.137:8080/OAIToolkit_demo_175/schema/MARC21slim_custom.xsd">
          <marc:leader>00456cx  a22001333  4500</marc:leader>
          <marc:controlfield tag="001">1071900</marc:controlfield>
          <marc:controlfield tag="004">970288</marc:controlfield>
          <marc:controlfield tag="005">19991110195050.0</marc:controlfield>
          <marc:controlfield tag="007">he bm        </marc:controlfield>
          <marc:controlfield tag="008">9612090u    0   4001ua   0000000</marc:controlfield>
          <marc:datafield tag="014" ind1=" " ind2=" ">
            <marc:subfield code="a">00914465</marc:subfield>
          </marc:datafield>
          <marc:datafield tag="843" ind1=" " ind2=" ">
            <marc:subfield code="a">Microfiche.</marc:subfield>
            <marc:subfield code="b">Rochester, NY :</marc:subfield>
            <marc:subfield code="c">Sibley Music Library,</marc:subfield>
            <marc:subfield code="d">[19--].</marc:subfield>
            <marc:subfield code="e">1 microfiche : negative.</marc:subfield>
          </marc:datafield>
          <marc:datafield tag="852" ind1="8" ind2=" ">
            <marc:subfield code="b">SibMicro</marc:subfield>
            <marc:subfield code="h">Fiche 1209</marc:subfield>
          </marc:datafield>
          <marc:datafield tag="856" ind1="4" ind2=" ">
            <marc:subfield code="u">http://purl.oclc.org/NET/SibleyMusicLibrary/Microforms</marc:subfield>
            <marc:subfield code="z">Click here to purchase a microform copy of this item.</marc:subfield>
          </marc:datafield>
        </marc:record>
      </metadata>
    </record>
    <record>
      <header>
        <identifier>oai:library.rochester.edu:URVoyager1/463</identifier>
        <datestamp>2011-03-23T15:43:35Z</datestamp>
        <setSpec>hold</setSpec>
      </header>
      <metadata>
        <marc:record xmlns:marc="http://www.loc.gov/MARC21/slim" xmlns:xsi="http://www.w3.org/2001/XMLSchema-instance" xsi:schemaLocation="http://www.loc.gov/MARC21/slim http://128.151.244.137:8080/OAIToolkit_demo_175/schema/MARC21slim_custom.xsd">
          <marc:leader>00207cx  a22000973  4500</marc:leader>
          <marc:controlfield tag="001">108120</marc:controlfield>
          <marc:controlfield tag="004">84562</marc:controlfield>
          <marc:controlfield tag="005">19961209123958.0</marc:controlfield>
          <marc:controlfield tag="008">9612090u    0   4001uu   0000000</marc:controlfield>
          <marc:datafield tag="014" ind1=" " ind2=" ">
            <marc:subfield code="a">01317964</marc:subfield>
          </marc:datafield>
          <marc:datafield tag="852" ind1="0" ind2=" ">
            <marc:subfield code="b">RheesStack</marc:subfield>
            <marc:subfield code="h">D16.15 .O83 1995</marc:subfield>
          </marc:datafield>
        </marc:record>
      </metadata>
    </record>
    <record>
      <header>
        <identifier>oai:library.rochester.edu:URVoyager1/464</identifier>
        <datestamp>2011-03-23T15:43:35Z</datestamp>
        <setSpec>hold</setSpec>
      </header>
      <metadata>
        <marc:record xmlns:marc="http://www.loc.gov/MARC21/slim" xmlns:xsi="http://www.w3.org/2001/XMLSchema-instance" xsi:schemaLocation="http://www.loc.gov/MARC21/slim http://128.151.244.137:8080/OAIToolkit_demo_175/schema/MARC21slim_custom.xsd">
          <marc:leader>00381cx  a22001933  4500</marc:leader>
          <marc:controlfield tag="001">1299843</marc:controlfield>
          <marc:controlfield tag="004">1188189</marc:controlfield>
          <marc:controlfield tag="004">1188184</marc:controlfield>
          <marc:controlfield tag="004">1188185</marc:controlfield>
          <marc:controlfield tag="004">1188190</marc:controlfield>
          <marc:controlfield tag="004">1188191</marc:controlfield>
          <marc:controlfield tag="005">20100223123045.0</marc:controlfield>
          <marc:controlfield tag="008">9812070u    0   4001uu   0000000</marc:controlfield>
          <marc:datafield tag="014" ind1=" " ind2=" ">
            <marc:subfield code="a">01137753</marc:subfield>
          </marc:datafield>
          <marc:datafield tag="014" ind1="1" ind2=" ">
            <marc:subfield code="a">1188190</marc:subfield>
          </marc:datafield>
          <marc:datafield tag="014" ind1="1" ind2=" ">
            <marc:subfield code="a">1188191</marc:subfield>
          </marc:datafield>
          <marc:datafield tag="014" ind1="1" ind2=" ">
            <marc:subfield code="a">1188185</marc:subfield>
          </marc:datafield>
          <marc:datafield tag="014" ind1="1" ind2=" ">
            <marc:subfield code="a">1188184</marc:subfield>
          </marc:datafield>
          <marc:datafield tag="852" ind1="0" ind2=" ">
            <marc:subfield code="b">SibRemSto</marc:subfield>
            <marc:subfield code="h">M1620</marc:subfield>
            <marc:subfield code="i">.S378</marc:subfield>
          </marc:datafield>
        </marc:record>
      </metadata>
    </record>
    <record>
      <header>
        <identifier>oai:library.rochester.edu:URVoyager1/465</identifier>
        <datestamp>2011-03-23T15:43:35Z</datestamp>
        <setSpec>hold</setSpec>
      </header>
      <metadata>
        <marc:record xmlns:marc="http://www.loc.gov/MARC21/slim" xmlns:xsi="http://www.w3.org/2001/XMLSchema-instance" xsi:schemaLocation="http://www.loc.gov/MARC21/slim http://128.151.244.137:8080/OAIToolkit_demo_175/schema/MARC21slim_custom.xsd">
          <marc:leader>00337cx  a22001693  4500</marc:leader>
          <marc:controlfield tag="001">1303386</marc:controlfield>
          <marc:controlfield tag="004">1191502</marc:controlfield>
          <marc:controlfield tag="004">1191506</marc:controlfield>
          <marc:controlfield tag="004">1191508</marc:controlfield>
          <marc:controlfield tag="004">1191513</marc:controlfield>
          <marc:controlfield tag="005">19980210163326.0</marc:controlfield>
          <marc:controlfield tag="008">9802100u    0   4001uu   0000000</marc:controlfield>
          <marc:datafield tag="014" ind1=" " ind2=" ">
            <marc:subfield code="a">01141126</marc:subfield>
          </marc:datafield>
          <marc:datafield tag="014" ind1="1" ind2=" ">
            <marc:subfield code="a">1191513</marc:subfield>
          </marc:datafield>
          <marc:datafield tag="014" ind1="1" ind2=" ">
            <marc:subfield code="a">1191506</marc:subfield>
          </marc:datafield>
          <marc:datafield tag="014" ind1="1" ind2=" ">
            <marc:subfield code="a">1191508</marc:subfield>
          </marc:datafield>
          <marc:datafield tag="852" ind1="0" ind2=" ">
            <marc:subfield code="b">SibStorage</marc:subfield>
            <marc:subfield code="h">M1620 .G84n</marc:subfield>
          </marc:datafield>
        </marc:record>
      </metadata>
    </record>
    <record>
      <header>
        <identifier>oai:library.rochester.edu:URVoyager1/466</identifier>
        <datestamp>2011-03-23T15:43:35Z</datestamp>
        <setSpec>hold</setSpec>
      </header>
      <metadata>
        <marc:record xmlns:marc="http://www.loc.gov/MARC21/slim" xmlns:xsi="http://www.w3.org/2001/XMLSchema-instance" xsi:schemaLocation="http://www.loc.gov/MARC21/slim http://128.151.244.137:8080/OAIToolkit_demo_175/schema/MARC21slim_custom.xsd">
          <marc:leader>00282cx  a22000973  4500</marc:leader>
          <marc:controlfield tag="001">1336114</marc:controlfield>
          <marc:controlfield tag="004">1222801</marc:controlfield>
          <marc:controlfield tag="005">20020219132801.0</marc:controlfield>
          <marc:controlfield tag="008">9612090u    0   4001uu   0000000</marc:controlfield>
          <marc:datafield tag="014" ind1=" " ind2=" ">
            <marc:subfield code="a">01173097</marc:subfield>
          </marc:datafield>
          <marc:datafield tag="852" ind1="8" ind2=" ">
            <marc:subfield code="b">MinerSer2</marc:subfield>
            <marc:subfield code="h">Serial</marc:subfield>
            <marc:subfield code="z">Shelved in the journal collection as, "Clinical practice guideline", no. 4 (1993)</marc:subfield>
          </marc:datafield>
        </marc:record>
      </metadata>
    </record>
    <record>
      <header>
        <identifier>oai:library.rochester.edu:URVoyager1/467</identifier>
        <datestamp>2011-03-23T15:43:35Z</datestamp>
        <setSpec>hold</setSpec>
      </header>
      <metadata>
        <marc:record xmlns:marc="http://www.loc.gov/MARC21/slim" xmlns:xsi="http://www.w3.org/2001/XMLSchema-instance" xsi:schemaLocation="http://www.loc.gov/MARC21/slim http://128.151.244.137:8080/OAIToolkit_demo_175/schema/MARC21slim_custom.xsd">
          <marc:leader>01114cx  a22002533  4500</marc:leader>
          <marc:controlfield tag="001">1441021</marc:controlfield>
          <marc:controlfield tag="004">1323972</marc:controlfield>
          <marc:controlfield tag="005">20060905162919.0</marc:controlfield>
          <marc:controlfield tag="008">9612090p    0   4001au   0000000</marc:controlfield>
          <marc:datafield tag="852" ind1="8" ind2=" ">
            <marc:subfield code="b">NewsMicro</marc:subfield>
            <marc:subfield code="h">FILM .Una191 reel 1075-1087</marc:subfield>
          </marc:datafield>
          <marc:datafield tag="866" ind1="3" ind2="0">
            <marc:subfield code="a">Vol. 40, no. 1 (Jan. 7, 1882)-v. 87, no. 27 (Dec. 30, 1905)</marc:subfield>
          </marc:datafield>
          <marc:datafield tag="866" ind1=" " ind2="0">
            <marc:subfield code="a">v. 40 (Jan. - June 24, 1882) = reel 1075</marc:subfield>
          </marc:datafield>
          <marc:datafield tag="866" ind1=" " ind2="0">
            <marc:subfield code="a">v. 41-45 (July 1, 1882-Dec. 27, 1884) = reel 1076</marc:subfield>
          </marc:datafield>
          <marc:datafield tag="866" ind1=" " ind2="0">
            <marc:subfield code="a">v. 46-50 (Jan. 3, 1885-June 25, 1887) = reel 1077</marc:subfield>
          </marc:datafield>
          <marc:datafield tag="866" ind1=" " ind2="0">
            <marc:subfield code="a">v. 51-55 (July 2, 1887-Dec. 28, 1889) = reel 1078</marc:subfield>
          </marc:datafield>
          <marc:datafield tag="866" ind1=" " ind2="0">
            <marc:subfield code="a">v. 56-60 (Jan. 4, 1890-June 25, 1892) = reel 1079</marc:subfield>
          </marc:datafield>
          <marc:datafield tag="866" ind1=" " ind2="0">
            <marc:subfield code="a">v. 61-64 (July 2, 1892-June 30, 1894) = reel 1080</marc:subfield>
          </marc:datafield>
          <marc:datafield tag="866" ind1=" " ind2="0">
            <marc:subfield code="a">v. 65-68 (July 7, 1894-June 27, 1896) = reel 1081</marc:subfield>
          </marc:datafield>
          <marc:datafield tag="866" ind1=" " ind2="0">
            <marc:subfield code="a">v. 69-72 (July 4, 1896-June 25, 1898) = reel 1082</marc:subfield>
          </marc:datafield>
          <marc:datafield tag="866" ind1=" " ind2="0">
            <marc:subfield code="a">v. 73-76 (July 2, 1898-June 30, 1900) = reel 1083</marc:subfield>
          </marc:datafield>
          <marc:datafield tag="866" ind1=" " ind2="0">
            <marc:subfield code="a">v. 77-79 (July 7, 1900-Dec. 28, 1901) = reel 1084</marc:subfield>
          </marc:datafield>
          <marc:datafield tag="866" ind1=" " ind2="0">
            <marc:subfield code="a">v. 80-82 (Jan. 4, 1902-June 27, 1903) = reel 1085</marc:subfield>
          </marc:datafield>
          <marc:datafield tag="866" ind1=" " ind2="0">
            <marc:subfield code="a">v. 83-85 (July 4, 1903-Dec. 31, 1904) = reel 1086</marc:subfield>
          </marc:datafield>
          <marc:datafield tag="866" ind1=" " ind2="0">
            <marc:subfield code="a">v. 86-87 (Jan. 7-Dec. 30, 1905) = reel 1087</marc:subfield>
          </marc:datafield>
        </marc:record>
      </metadata>
    </record>
    <record>
      <header>
        <identifier>oai:library.rochester.edu:URVoyager1/468</identifier>
        <datestamp>2011-03-23T15:43:35Z</datestamp>
        <setSpec>hold</setSpec>
      </header>
      <metadata>
        <marc:record xmlns:marc="http://www.loc.gov/MARC21/slim" xmlns:xsi="http://www.w3.org/2001/XMLSchema-instance" xsi:schemaLocation="http://www.loc.gov/MARC21/slim http://128.151.244.137:8080/OAIToolkit_demo_175/schema/MARC21slim_custom.xsd">
          <marc:leader>01083cx  a22002293  4500</marc:leader>
          <marc:controlfield tag="001">1445282</marc:controlfield>
          <marc:controlfield tag="004">1328233</marc:controlfield>
          <marc:controlfield tag="005">20060905163357.0</marc:controlfield>
          <marc:controlfield tag="008">9612090p    0   4001au   0000000</marc:controlfield>
          <marc:datafield tag="852" ind1="8" ind2=" ">
            <marc:subfield code="b">NewsMicro</marc:subfield>
            <marc:subfield code="h">FILM .Una191 reel 40-42, 220-227</marc:subfield>
          </marc:datafield>
          <marc:datafield tag="866" ind1="3" ind2="0">
            <marc:subfield code="a">Vol. 1, no. 1 (Jan. 3, 1801)-v. 5 (Dec. 28, 1805); new ser., v. 1 (Jan. 11, 1806)-v. 6 (Dec. 24, 1808); new ser., v. 1 (Jan. 1809)-v. 8 (Dec. 1812); 3rd ser., v. 1 (Jan. 1813)-v. 6 (Dec. 1815); 4th ser., v. 1 (Jan. 1816)-v. 12, no. 2 (Dec. 1821).</marc:subfield>
          </marc:datafield>
          <marc:datafield tag="866" ind1=" " ind2="0">
            <marc:subfield code="a">v. 1-4 (Jan. 3, 1801-Dec. 29, 1804) = reel 40</marc:subfield>
          </marc:datafield>
          <marc:datafield tag="866" ind1=" " ind2="0">
            <marc:subfield code="a">v. 5-nsv 4 (Jan. 12, 1805-Dec. 26, 1807) = reel 41</marc:subfield>
          </marc:datafield>
          <marc:datafield tag="866" ind1=" " ind2="0">
            <marc:subfield code="a">nsv 5-s3v2 (Jan. 2, 1808-Dec. 1809) = reel 42</marc:subfield>
          </marc:datafield>
          <marc:datafield tag="866" ind1=" " ind2="0">
            <marc:subfield code="a">s3v3-4 (Jan.-Dec. 1810) = reel 220</marc:subfield>
          </marc:datafield>
          <marc:datafield tag="866" ind1=" " ind2="0">
            <marc:subfield code="a">s3v5-7 (Jan. 1811-June 1812) = reel 221</marc:subfield>
          </marc:datafield>
          <marc:datafield tag="866" ind1=" " ind2="0">
            <marc:subfield code="a">s3v8-s4v2 (July 1812-Dec. 1813) = reel 222</marc:subfield>
          </marc:datafield>
          <marc:datafield tag="866" ind1=" " ind2="0">
            <marc:subfield code="a">s4v3-5 (Jan. 1814-June 1815) = reel 223</marc:subfield>
          </marc:datafield>
          <marc:datafield tag="866" ind1=" " ind2="0">
            <marc:subfield code="a">s4v6-s5v3 (July 1815-June 1817) = reel 224</marc:subfield>
          </marc:datafield>
          <marc:datafield tag="866" ind1=" " ind2="0">
            <marc:subfield code="a">s5v4-7 (July 1817-June 1819) = reel 225</marc:subfield>
          </marc:datafield>
          <marc:datafield tag="866" ind1=" " ind2="0">
            <marc:subfield code="a">s5v8-11 (July 1819-1821) = reel 226</marc:subfield>
          </marc:datafield>
          <marc:datafield tag="866" ind1=" " ind2="0">
            <marc:subfield code="a">s5v12 (1821) = reel 227</marc:subfield>
          </marc:datafield>
        </marc:record>
      </metadata>
    </record>
    <record>
      <header>
        <identifier>oai:library.rochester.edu:URVoyager1/469</identifier>
        <datestamp>2011-03-23T15:43:35Z</datestamp>
        <setSpec>hold</setSpec>
      </header>
      <metadata>
        <marc:record xmlns:marc="http://www.loc.gov/MARC21/slim" xmlns:xsi="http://www.w3.org/2001/XMLSchema-instance" xsi:schemaLocation="http://www.loc.gov/MARC21/slim http://128.151.244.137:8080/OAIToolkit_demo_175/schema/MARC21slim_custom.xsd">
          <marc:leader>00370cx  a22001213  4500</marc:leader>
          <marc:controlfield tag="001">1455234</marc:controlfield>
          <marc:controlfield tag="004">1338185</marc:controlfield>
          <marc:controlfield tag="005">20060905163250.0</marc:controlfield>
          <marc:controlfield tag="008">9612090p    0   4001au   0000000</marc:controlfield>
          <marc:datafield tag="852" ind1="8" ind2=" ">
            <marc:subfield code="b">NewsMicro</marc:subfield>
            <marc:subfield code="h">FILM .Una191 reel 468-469</marc:subfield>
          </marc:datafield>
          <marc:datafield tag="866" ind1="3" ind2="0">
            <marc:subfield code="a">Vol. 1, no. 1 (Apr. 1829)-v. 3, no. 4 (July 1831).</marc:subfield>
          </marc:datafield>
          <marc:datafield tag="866" ind1=" " ind2="0">
            <marc:subfield code="a">v. 1 (Apr. 1829-Mar. 1830) = reel 468</marc:subfield>
          </marc:datafield>
          <marc:datafield tag="866" ind1=" " ind2="0">
            <marc:subfield code="a">v. 2-3 (Apr. 1830-July 1831) = reel 469</marc:subfield>
          </marc:datafield>
        </marc:record>
      </metadata>
    </record>
    <record>
      <header>
        <identifier>oai:library.rochester.edu:URVoyager1/470</identifier>
        <datestamp>2011-03-23T15:43:35Z</datestamp>
        <setSpec>hold</setSpec>
      </header>
      <metadata>
        <marc:record xmlns:marc="http://www.loc.gov/MARC21/slim" xmlns:xsi="http://www.w3.org/2001/XMLSchema-instance" xsi:schemaLocation="http://www.loc.gov/MARC21/slim http://128.151.244.137:8080/OAIToolkit_demo_175/schema/MARC21slim_custom.xsd">
          <marc:leader>00967cx  a22002293  4500</marc:leader>
          <marc:controlfield tag="001">1469520</marc:controlfield>
          <marc:controlfield tag="004">1352471</marc:controlfield>
          <marc:controlfield tag="005">20060829114355.0</marc:controlfield>
          <marc:controlfield tag="008">9612090p    0   4001au   0000000</marc:controlfield>
          <marc:datafield tag="852" ind1="8" ind2=" ">
            <marc:subfield code="b">NewsMicro</marc:subfield>
            <marc:subfield code="h">FILM .Una191 reel 747-748, 1720-1726, 1936</marc:subfield>
          </marc:datafield>
          <marc:datafield tag="866" ind1="3" ind2="0">
            <marc:subfield code="a">Vol. 3, no. 1 (Jan. 1843)-</marc:subfield>
          </marc:datafield>
          <marc:datafield tag="866" ind1=" " ind2="0">
            <marc:subfield code="a">v. 3-8 (Jan. 1843-Oct. 1848) = reel 747</marc:subfield>
          </marc:datafield>
          <marc:datafield tag="866" ind1=" " ind2="0">
            <marc:subfield code="a">v. 9-10 (Jan. 1849-Dec. 1850) = reel 748</marc:subfield>
          </marc:datafield>
          <marc:datafield tag="866" ind1=" " ind2="0">
            <marc:subfield code="a">v. 11-15 (Jan. 1851-Dec. 1855) = reel 1720</marc:subfield>
          </marc:datafield>
          <marc:datafield tag="866" ind1=" " ind2="0">
            <marc:subfield code="a">v. 18-23 (nsv 2-7) (July 1, 1858-June 27, 1861) = reel 1721</marc:subfield>
          </marc:datafield>
          <marc:datafield tag="866" ind1=" " ind2="0">
            <marc:subfield code="a">v.  29-34 (nsv 13-18) (Jan. 2, 1864-Dec. 29, 1866) = reel 1722</marc:subfield>
          </marc:datafield>
          <marc:datafield tag="866" ind1=" " ind2="0">
            <marc:subfield code="a">v. 35-36 (nsv19-20) (Jan. 5-Dec. 28, 1867) = reel 1723</marc:subfield>
          </marc:datafield>
          <marc:datafield tag="866" ind1=" " ind2="0">
            <marc:subfield code="a">v. 39, 41-42 (July 4, 1868-Dec. 30, 1871) = reel 1936</marc:subfield>
          </marc:datafield>
          <marc:datafield tag="866" ind1=" " ind2="0">
            <marc:subfield code="a">v. 43 (Jan. 6-Dec. 28, 1872) = reel 1723</marc:subfield>
          </marc:datafield>
          <marc:datafield tag="866" ind1=" " ind2="0">
            <marc:subfield code="a">v. 44-45 (Jan. 4, 1873-Dec. 26, 1874) = reel 1724</marc:subfield>
          </marc:datafield>
          <marc:datafield tag="866" ind1=" " ind2="0">
            <marc:subfield code="a">v. 46-47 (Jan. 2, 1875-Dec. 30, 1876) = reel 1725</marc:subfield>
          </marc:datafield>
          <marc:datafield tag="866" ind1=" " ind2="0">
            <marc:subfield code="a">v. 48 (Jan. 6-Dec. 29, 1877) = reel 1726</marc:subfield>
          </marc:datafield>
        </marc:record>
      </metadata>
    </record>
    <record>
      <header>
        <identifier>oai:library.rochester.edu:URVoyager1/471</identifier>
        <datestamp>2011-03-23T15:43:35Z</datestamp>
        <setSpec>hold</setSpec>
      </header>
      <metadata>
        <marc:record xmlns:marc="http://www.loc.gov/MARC21/slim" xmlns:xsi="http://www.w3.org/2001/XMLSchema-instance" xsi:schemaLocation="http://www.loc.gov/MARC21/slim http://128.151.244.137:8080/OAIToolkit_demo_175/schema/MARC21slim_custom.xsd">
          <marc:leader>00230cy  a22000973  4500</marc:leader>
          <marc:controlfield tag="001">1658525</marc:controlfield>
          <marc:controlfield tag="004">1557247</marc:controlfield>
          <marc:controlfield tag="005">20090320073037.0</marc:controlfield>
          <marc:controlfield tag="008">9703284p    6l2i0001bb///0901128</marc:controlfield>
          <marc:datafield tag="852" ind1="5" ind2=" ">
            <marc:subfield code="b">CarlBrows</marc:subfield>
          </marc:datafield>
          <marc:datafield tag="866" ind1="3" ind2="0">
            <marc:subfield code="a">Latest 2 daily issues</marc:subfield>
            <marc:subfield code="z">Sunday edition cancelled</marc:subfield>
          </marc:datafield>
        </marc:record>
      </metadata>
    </record>
    <record>
      <header>
        <identifier>oai:library.rochester.edu:URVoyager1/472</identifier>
        <datestamp>2011-03-23T15:43:35Z</datestamp>
        <setSpec>hold</setSpec>
      </header>
      <metadata>
        <marc:record xmlns:marc="http://www.loc.gov/MARC21/slim" xmlns:xsi="http://www.w3.org/2001/XMLSchema-instance" xsi:schemaLocation="http://www.loc.gov/MARC21/slim http://128.151.244.137:8080/OAIToolkit_demo_175/schema/MARC21slim_custom.xsd">
          <marc:leader>00343nx  a22001574  4500</marc:leader>
          <marc:controlfield tag="001">1724781</marc:controlfield>
          <marc:controlfield tag="004">1191502</marc:controlfield>
          <marc:controlfield tag="004">1191506</marc:controlfield>
          <marc:controlfield tag="004">1191508</marc:controlfield>
          <marc:controlfield tag="004">1191513</marc:controlfield>
          <marc:controlfield tag="005">19980210163402.0</marc:controlfield>
          <marc:controlfield tag="008">9802104u    8   1001uu   0901128</marc:controlfield>
          <marc:datafield tag="014" ind1="1" ind2=" ">
            <marc:subfield code="a">1191513</marc:subfield>
          </marc:datafield>
          <marc:datafield tag="014" ind1="1" ind2=" ">
            <marc:subfield code="a">1191506</marc:subfield>
          </marc:datafield>
          <marc:datafield tag="014" ind1="1" ind2=" ">
            <marc:subfield code="a">1191508</marc:subfield>
          </marc:datafield>
          <marc:datafield tag="852" ind1="0" ind2=" ">
            <marc:subfield code="b">SibStack</marc:subfield>
            <marc:subfield code="h">M1620 .G84n</marc:subfield>
            <marc:subfield code="z">Copy 2. Preservation photocopy.</marc:subfield>
          </marc:datafield>
        </marc:record>
      </metadata>
    </record>
    <record>
      <header>
        <identifier>oai:library.rochester.edu:URVoyager1/473</identifier>
        <datestamp>2011-03-23T15:43:35Z</datestamp>
        <setSpec>hold</setSpec>
      </header>
      <metadata>
        <marc:record xmlns:marc="http://www.loc.gov/MARC21/slim" xmlns:xsi="http://www.w3.org/2001/XMLSchema-instance" xsi:schemaLocation="http://www.loc.gov/MARC21/slim http://128.151.244.137:8080/OAIToolkit_demo_175/schema/MARC21slim_custom.xsd">
          <marc:leader>00262nx  a22000854  4500</marc:leader>
          <marc:controlfield tag="001">1807351</marc:controlfield>
          <marc:controlfield tag="004">1188184</marc:controlfield>
          <marc:controlfield tag="005">19981207094032.0</marc:controlfield>
          <marc:controlfield tag="008">9812074u    8   1001uu   0901128</marc:controlfield>
          <marc:datafield tag="852" ind1="0" ind2=" ">
            <marc:subfield code="b">SibStack</marc:subfield>
            <marc:subfield code="h">M1621</marc:subfield>
            <marc:subfield code="i">.S378 1909</marc:subfield>
            <marc:subfield code="z">Preservation photocopy, 1998. Original in binder's collection (M1620 .S378).</marc:subfield>
          </marc:datafield>
        </marc:record>
      </metadata>
    </record>
    <record>
      <header>
        <identifier>oai:library.rochester.edu:URVoyager1/474</identifier>
        <datestamp>2011-03-23T15:43:35Z</datestamp>
        <setSpec>hold</setSpec>
      </header>
      <metadata>
        <marc:record xmlns:marc="http://www.loc.gov/MARC21/slim" xmlns:xsi="http://www.w3.org/2001/XMLSchema-instance" xsi:schemaLocation="http://www.loc.gov/MARC21/slim http://128.151.244.137:8080/OAIToolkit_demo_175/schema/MARC21slim_custom.xsd">
          <marc:leader>00262nx  a22000854  4500</marc:leader>
          <marc:controlfield tag="001">1807352</marc:controlfield>
          <marc:controlfield tag="004">1188185</marc:controlfield>
          <marc:controlfield tag="005">19981207094357.0</marc:controlfield>
          <marc:controlfield tag="008">9812074u    8   1001uu   0901128</marc:controlfield>
          <marc:datafield tag="852" ind1="0" ind2=" ">
            <marc:subfield code="b">SibStack</marc:subfield>
            <marc:subfield code="h">M1621</marc:subfield>
            <marc:subfield code="i">.S378 op.7</marc:subfield>
            <marc:subfield code="z">Preservation photocopy, 1998. Original in binder's collection (M1620 .S378).</marc:subfield>
          </marc:datafield>
        </marc:record>
      </metadata>
    </record>
    <record>
      <header>
        <identifier>oai:library.rochester.edu:URVoyager1/475</identifier>
        <datestamp>2011-03-23T15:43:35Z</datestamp>
        <setSpec>hold</setSpec>
      </header>
      <metadata>
        <marc:record xmlns:marc="http://www.loc.gov/MARC21/slim" xmlns:xsi="http://www.w3.org/2001/XMLSchema-instance" xsi:schemaLocation="http://www.loc.gov/MARC21/slim http://128.151.244.137:8080/OAIToolkit_demo_175/schema/MARC21slim_custom.xsd">
          <marc:leader>00262nx  a22000854  4500</marc:leader>
          <marc:controlfield tag="001">1807355</marc:controlfield>
          <marc:controlfield tag="004">1188191</marc:controlfield>
          <marc:controlfield tag="005">19981207094817.0</marc:controlfield>
          <marc:controlfield tag="008">9812074u    8   1001uu   0901128</marc:controlfield>
          <marc:datafield tag="852" ind1="0" ind2=" ">
            <marc:subfield code="b">SibStack</marc:subfield>
            <marc:subfield code="h">M1621</marc:subfield>
            <marc:subfield code="i">.S378 op.5</marc:subfield>
            <marc:subfield code="z">Preservation photocopy, 1998. Original in binder's collection (M1620 .S378).</marc:subfield>
          </marc:datafield>
        </marc:record>
      </metadata>
    </record>
    <record>
      <header>
        <identifier>oai:library.rochester.edu:URVoyager1/476</identifier>
        <datestamp>2011-03-23T15:43:35Z</datestamp>
        <setSpec>hold</setSpec>
      </header>
      <metadata>
        <marc:record xmlns:marc="http://www.loc.gov/MARC21/slim" xmlns:xsi="http://www.w3.org/2001/XMLSchema-instance" xsi:schemaLocation="http://www.loc.gov/MARC21/slim http://128.151.244.137:8080/OAIToolkit_demo_175/schema/MARC21slim_custom.xsd">
          <marc:leader>00262nx  a22000854  4500</marc:leader>
          <marc:controlfield tag="001">1807357</marc:controlfield>
          <marc:controlfield tag="004">1188190</marc:controlfield>
          <marc:controlfield tag="005">19981207103846.0</marc:controlfield>
          <marc:controlfield tag="008">9812074u    8   1001uu   0901128</marc:controlfield>
          <marc:datafield tag="852" ind1="0" ind2=" ">
            <marc:subfield code="b">SibStack</marc:subfield>
            <marc:subfield code="h">M1621</marc:subfield>
            <marc:subfield code="i">.S378 op.4</marc:subfield>
            <marc:subfield code="z">Preservation photocopy, 1998. Original in binder's collection (M1620 .S378).</marc:subfield>
          </marc:datafield>
        </marc:record>
      </metadata>
    </record>
    <record>
      <header>
        <identifier>oai:library.rochester.edu:URVoyager1/477</identifier>
        <datestamp>2011-03-23T15:43:35Z</datestamp>
        <setSpec>hold</setSpec>
      </header>
      <metadata>
        <marc:record xmlns:marc="http://www.loc.gov/MARC21/slim" xmlns:xsi="http://www.w3.org/2001/XMLSchema-instance" xsi:schemaLocation="http://www.loc.gov/MARC21/slim http://128.151.244.137:8080/OAIToolkit_demo_175/schema/MARC21slim_custom.xsd">
          <marc:leader>00262nx  a22000854  4500</marc:leader>
          <marc:controlfield tag="001">1807358</marc:controlfield>
          <marc:controlfield tag="004">1188189</marc:controlfield>
          <marc:controlfield tag="005">19981207104616.0</marc:controlfield>
          <marc:controlfield tag="008">9812074u    8   1001uu   0901128</marc:controlfield>
          <marc:datafield tag="852" ind1="0" ind2=" ">
            <marc:subfield code="b">SibStack</marc:subfield>
            <marc:subfield code="h">M1621</marc:subfield>
            <marc:subfield code="i">.S378 op.2</marc:subfield>
            <marc:subfield code="z">Preservation photocopy, 1998. Original in binder's collection (M1620 .S378).</marc:subfield>
          </marc:datafield>
        </marc:record>
      </metadata>
    </record>
    <record>
      <header>
        <identifier>oai:library.rochester.edu:URVoyager1/478</identifier>
        <datestamp>2011-03-23T15:43:35Z</datestamp>
        <setSpec>hold</setSpec>
      </header>
      <metadata>
        <marc:record xmlns:marc="http://www.loc.gov/MARC21/slim" xmlns:xsi="http://www.w3.org/2001/XMLSchema-instance" xsi:schemaLocation="http://www.loc.gov/MARC21/slim http://128.151.244.137:8080/OAIToolkit_demo_175/schema/MARC21slim_custom.xsd">
          <marc:leader>00330cx  a22000972  4500</marc:leader>
          <marc:controlfield tag="001">1911916</marc:controlfield>
          <marc:controlfield tag="004">1781042</marc:controlfield>
          <marc:controlfield tag="005">20040211130739.0</marc:controlfield>
          <marc:controlfield tag="008">0004212p    8   4001au   0901128</marc:controlfield>
          <marc:datafield tag="852" ind1="0" ind2=" ">
            <marc:subfield code="b">RheesStack</marc:subfield>
            <marc:subfield code="h">PR2063.M34</marc:subfield>
            <marc:subfield code="i">A8 1999</marc:subfield>
          </marc:datafield>
          <marc:datafield tag="856" ind1="4" ind2="2">
            <marc:subfield code="3">Purchased by The Morgan John Rhees ('21) Fund.</marc:subfield>
            <marc:subfield code="u">http://www.library.rochester.edu/index.cfm?page=funds&amp;fund=rhees, morgan john</marc:subfield>
          </marc:datafield>
        </marc:record>
      </metadata>
    </record>
    <record>
      <header>
        <identifier>oai:library.rochester.edu:URVoyager1/479</identifier>
        <datestamp>2011-03-23T15:43:35Z</datestamp>
        <setSpec>hold</setSpec>
      </header>
      <metadata>
        <marc:record xmlns:marc="http://www.loc.gov/MARC21/slim" xmlns:xsi="http://www.w3.org/2001/XMLSchema-instance" xsi:schemaLocation="http://www.loc.gov/MARC21/slim http://128.151.244.137:8080/OAIToolkit_demo_175/schema/MARC21slim_custom.xsd">
          <marc:leader>00185cx  a22000852  4500</marc:leader>
          <marc:controlfield tag="001">1911920</marc:controlfield>
          <marc:controlfield tag="004">1781042</marc:controlfield>
          <marc:controlfield tag="005">20000524135022.0</marc:controlfield>
          <marc:controlfield tag="008">0004212p    8   4001bu   0901128</marc:controlfield>
          <marc:datafield tag="852" ind1="0" ind2=" ">
            <marc:subfield code="b">Robbins</marc:subfield>
            <marc:subfield code="h">PR2063.M34</marc:subfield>
            <marc:subfield code="i">A8 1999</marc:subfield>
          </marc:datafield>
        </marc:record>
      </metadata>
    </record>
    <record>
      <header>
        <identifier>oai:library.rochester.edu:URVoyager1/480</identifier>
        <datestamp>2011-03-23T15:43:35Z</datestamp>
        <setSpec>hold</setSpec>
      </header>
      <metadata>
        <marc:record xmlns:marc="http://www.loc.gov/MARC21/slim" xmlns:xsi="http://www.w3.org/2001/XMLSchema-instance" xsi:schemaLocation="http://www.loc.gov/MARC21/slim http://128.151.244.137:8080/OAIToolkit_demo_175/schema/MARC21slim_custom.xsd">
          <marc:leader>00252nx  a22001092  4500</marc:leader>
          <marc:controlfield tag="001">2189196</marc:controlfield>
          <marc:controlfield tag="004">1781042</marc:controlfield>
          <marc:controlfield tag="005">20010419122332.0</marc:controlfield>
          <marc:controlfield tag="007">cr|an </marc:controlfield>
          <marc:controlfield tag="008">0104191|    0   4001||   0901128</marc:controlfield>
          <marc:datafield tag="852" ind1=" " ind2=" ">
            <marc:subfield code="b">Internet</marc:subfield>
          </marc:datafield>
          <marc:datafield tag="856" ind1="4" ind2="1">
            <marc:subfield code="u">http://www.lib.rochester.edu/camelot/teams/page.htm</marc:subfield>
          </marc:datafield>
        </marc:record>
      </metadata>
    </record>
    <record>
      <header>
        <identifier>oai:library.rochester.edu:URVoyager1/481</identifier>
        <datestamp>2011-03-23T15:43:35Z</datestamp>
        <setSpec>hold</setSpec>
      </header>
      <metadata>
        <marc:record xmlns:marc="http://www.loc.gov/MARC21/slim" xmlns:xsi="http://www.w3.org/2001/XMLSchema-instance" xsi:schemaLocation="http://www.loc.gov/MARC21/slim http://128.151.244.137:8080/OAIToolkit_demo_175/schema/MARC21slim_custom.xsd">
          <marc:leader>00282cy  a22001093  4500</marc:leader>
          <marc:controlfield tag="001">2483966</marc:controlfield>
          <marc:controlfield tag="004">1557247</marc:controlfield>
          <marc:controlfield tag="005">20060906110144.0</marc:controlfield>
          <marc:controlfield tag="008">0204154p    8   0001aueng0901128</marc:controlfield>
          <marc:datafield tag="014" ind1="1" ind2=" ">
            <marc:subfield code="a">00058755</marc:subfield>
          </marc:datafield>
          <marc:datafield tag="852" ind1="8" ind2=" ">
            <marc:subfield code="b">NewsNewspr</marc:subfield>
            <marc:subfield code="h">FILM .N57</marc:subfield>
          </marc:datafield>
          <marc:datafield tag="866" ind1="3" ind2="0">
            <marc:subfield code="a">Sept.14,1857-</marc:subfield>
            <marc:subfield code="x">Sept.14, 1857-Dec.31, 2001 linked to hldg #5497</marc:subfield>
          </marc:datafield>
        </marc:record>
      </metadata>
    </record>
    <record>
      <header>
        <identifier>oai:library.rochester.edu:URVoyager1/482</identifier>
        <datestamp>2011-03-23T15:43:35Z</datestamp>
        <setSpec>hold</setSpec>
      </header>
      <metadata>
        <marc:record xmlns:marc="http://www.loc.gov/MARC21/slim" xmlns:xsi="http://www.w3.org/2001/XMLSchema-instance" xsi:schemaLocation="http://www.loc.gov/MARC21/slim http://128.151.244.137:8080/OAIToolkit_demo_175/schema/MARC21slim_custom.xsd">
          <marc:leader>00355cx  a22001094  4500</marc:leader>
          <marc:controlfield tag="001">2597308</marc:controlfield>
          <marc:controlfield tag="004">2465522</marc:controlfield>
          <marc:controlfield tag="005">20030217141751.0</marc:controlfield>
          <marc:controlfield tag="007">sdrfsngnnaa ee</marc:controlfield>
          <marc:controlfield tag="008">0301174u    8   1001uu   0901128</marc:controlfield>
          <marc:datafield tag="843" ind1=" " ind2=" ">
            <marc:subfield code="a">Sound disc.</marc:subfield>
            <marc:subfield code="b">Rochester, N.Y. :</marc:subfield>
            <marc:subfield code="c">Eastman Recording Arts and Services,</marc:subfield>
            <marc:subfield code="d">199-.</marc:subfield>
            <marc:subfield code="e">1 sound disc ; stereo ; 4 3/4 in.</marc:subfield>
          </marc:datafield>
          <marc:datafield tag="852" ind1="8" ind2=" ">
            <marc:subfield code="b">SibRecrd</marc:subfield>
            <marc:subfield code="h">SECD 0368</marc:subfield>
            <marc:subfield code="z">Listening compact disc.</marc:subfield>
          </marc:datafield>
        </marc:record>
      </metadata>
    </record>
    <record>
      <header>
        <identifier>oai:library.rochester.edu:URVoyager1/483</identifier>
        <datestamp>2011-03-23T15:43:35Z</datestamp>
        <setSpec>hold</setSpec>
      </header>
      <metadata>
        <marc:record xmlns:marc="http://www.loc.gov/MARC21/slim" xmlns:xsi="http://www.w3.org/2001/XMLSchema-instance" xsi:schemaLocation="http://www.loc.gov/MARC21/slim http://128.151.244.137:8080/OAIToolkit_demo_175/schema/MARC21slim_custom.xsd">
          <marc:leader>00196cx  a22000852  4500</marc:leader>
          <marc:controlfield tag="001">2612059</marc:controlfield>
          <marc:controlfield tag="004">2465522</marc:controlfield>
          <marc:controlfield tag="005">20030217150600.0</marc:controlfield>
          <marc:controlfield tag="008">0302172p    8   4001uu   0901128</marc:controlfield>
          <marc:datafield tag="852" ind1="8" ind2=" ">
            <marc:subfield code="b">ESMRecArts</marc:subfield>
            <marc:subfield code="h">ECD 0368</marc:subfield>
            <marc:subfield code="z">Master recording.</marc:subfield>
          </marc:datafield>
        </marc:record>
      </metadata>
    </record>
    <record>
      <header>
        <identifier>oai:library.rochester.edu:URVoyager1/484</identifier>
        <datestamp>2011-03-23T15:43:35Z</datestamp>
        <setSpec>hold</setSpec>
      </header>
      <metadata>
        <marc:record xmlns:marc="http://www.loc.gov/MARC21/slim" xmlns:xsi="http://www.w3.org/2001/XMLSchema-instance" xsi:schemaLocation="http://www.loc.gov/MARC21/slim http://128.151.244.137:8080/OAIToolkit_demo_175/schema/MARC21slim_custom.xsd">
          <marc:leader>00369cx  a22000971  4500</marc:leader>
          <marc:controlfield tag="001">2612680</marc:controlfield>
          <marc:controlfield tag="004">2466079</marc:controlfield>
          <marc:controlfield tag="005">20040212114018.0</marc:controlfield>
          <marc:controlfield tag="008">0302190u||||8|||4001uu|||0000000</marc:controlfield>
          <marc:datafield tag="852" ind1="0" ind2=" ">
            <marc:subfield code="b">RheesStack</marc:subfield>
            <marc:subfield code="h">Z678.93.X54</marc:subfield>
            <marc:subfield code="i">X54 2002</marc:subfield>
          </marc:datafield>
          <marc:datafield tag="856" ind1="4" ind2="2">
            <marc:subfield code="3">Purchased by The Rush Rhees Library Campaign for the 90s Fund.</marc:subfield>
            <marc:subfield code="u">http://www.library.rochester.edu/index.cfm?page=funds&amp;fund=rush rhees library campaign for the 90s</marc:subfield>
          </marc:datafield>
        </marc:record>
      </metadata>
    </record>
    <record>
      <header>
        <identifier>oai:library.rochester.edu:URVoyager1/485</identifier>
        <datestamp>2011-03-23T15:43:35Z</datestamp>
        <setSpec>hold</setSpec>
      </header>
      <metadata>
        <marc:record xmlns:marc="http://www.loc.gov/MARC21/slim" xmlns:xsi="http://www.w3.org/2001/XMLSchema-instance" xsi:schemaLocation="http://www.loc.gov/MARC21/slim http://128.151.244.137:8080/OAIToolkit_demo_175/schema/MARC21slim_custom.xsd">
          <marc:leader>00194cx  a22000854  4500</marc:leader>
          <marc:controlfield tag="001">2750974</marc:controlfield>
          <marc:controlfield tag="004">2604581</marc:controlfield>
          <marc:controlfield tag="005">20050506102328.0</marc:controlfield>
          <marc:controlfield tag="008">0403222d    8   1001au   0901128</marc:controlfield>
          <marc:datafield tag="852" ind1="0" ind2=" ">
            <marc:subfield code="b">RheesStack</marc:subfield>
            <marc:subfield code="h">KB101</marc:subfield>
            <marc:subfield code="i">.A1s v. 114, pt. 1</marc:subfield>
          </marc:datafield>
        </marc:record>
      </metadata>
    </record>
    <record>
      <header>
        <identifier>oai:library.rochester.edu:URVoyager1/486</identifier>
        <datestamp>2011-03-23T15:43:35Z</datestamp>
        <setSpec>hold</setSpec>
      </header>
      <metadata>
        <marc:record xmlns:marc="http://www.loc.gov/MARC21/slim" xmlns:xsi="http://www.w3.org/2001/XMLSchema-instance" xsi:schemaLocation="http://www.loc.gov/MARC21/slim http://128.151.244.137:8080/OAIToolkit_demo_175/schema/MARC21slim_custom.xsd">
          <marc:leader>00564nx  a22001214  4500</marc:leader>
          <marc:controlfield tag="001">2750975</marc:controlfield>
          <marc:controlfield tag="004">2604581</marc:controlfield>
          <marc:controlfield tag="005">20040322103742.0</marc:controlfield>
          <marc:controlfield tag="007">cr an </marc:controlfield>
          <marc:controlfield tag="008">0403224d    8   1001bu   0901128</marc:controlfield>
          <marc:datafield tag="852" ind1=" " ind2=" ">
            <marc:subfield code="b">Internet</marc:subfield>
          </marc:datafield>
          <marc:datafield tag="856" ind1="4" ind2="1">
            <marc:subfield code="3">Text version:</marc:subfield>
            <marc:subfield code="u">http://frwebgate.access.gpo.gov/cgi-bin/useftp.cgi?IPaddress=162.140.64.88&amp;filename=publ221.106&amp;directory=/disk3/wais/data/106_cong_public_laws</marc:subfield>
          </marc:datafield>
          <marc:datafield tag="856" ind1="4" ind2="1">
            <marc:subfield code="3">PDF version:</marc:subfield>
            <marc:subfield code="u">http://frwebgate.access.gpo.gov/cgi-bin/useftp.cgi?IPaddress=162.140.64.88&amp;filename=publ221.pdf&amp;directory=/disk3/wais/data/106_cong_public_laws</marc:subfield>
            <marc:subfield code="z">Adobe Acrobat Reader required</marc:subfield>
          </marc:datafield>
        </marc:record>
      </metadata>
    </record>
    <record>
      <header>
        <identifier>oai:library.rochester.edu:URVoyager1/487</identifier>
        <datestamp>2011-03-23T15:43:35Z</datestamp>
        <setSpec>hold</setSpec>
      </header>
      <metadata>
        <marc:record xmlns:marc="http://www.loc.gov/MARC21/slim" xmlns:xsi="http://www.w3.org/2001/XMLSchema-instance" xsi:schemaLocation="http://www.loc.gov/MARC21/slim http://128.151.244.137:8080/OAIToolkit_demo_175/schema/MARC21slim_custom.xsd">
          <marc:leader>00221cx  a2200097   4500</marc:leader>
          <marc:controlfield tag="001">2941762</marc:controlfield>
          <marc:controlfield tag="004">2767993</marc:controlfield>
          <marc:controlfield tag="005">20050316094922.0</marc:controlfield>
          <marc:controlfield tag="008">050307                          </marc:controlfield>
          <marc:datafield tag="852" ind1=" " ind2=" ">
            <marc:subfield code="b">Internet</marc:subfield>
          </marc:datafield>
          <marc:datafield tag="856" ind1=" " ind2=" ">
            <marc:subfield code="u">http://purl.access.gpo.gov/GPO/LPS18167</marc:subfield>
          </marc:datafield>
        </marc:record>
      </metadata>
    </record>
    <record>
      <header>
        <identifier>oai:library.rochester.edu:URVoyager1/488</identifier>
        <datestamp>2011-03-23T15:43:35Z</datestamp>
        <setSpec>hold</setSpec>
      </header>
      <metadata>
        <marc:record xmlns:marc="http://www.loc.gov/MARC21/slim" xmlns:xsi="http://www.w3.org/2001/XMLSchema-instance" xsi:schemaLocation="http://www.loc.gov/MARC21/slim http://128.151.244.137:8080/OAIToolkit_demo_175/schema/MARC21slim_custom.xsd">
          <marc:leader>00201cx  a22000973  4500</marc:leader>
          <marc:controlfield tag="001">31649</marc:controlfield>
          <marc:controlfield tag="004">18206</marc:controlfield>
          <marc:controlfield tag="005">19961209123804.0</marc:controlfield>
          <marc:controlfield tag="008">9612090u    0   4001uu   0000000</marc:controlfield>
          <marc:datafield tag="014" ind1=" " ind2=" ">
            <marc:subfield code="a">00590521</marc:subfield>
          </marc:datafield>
          <marc:datafield tag="852" ind1="0" ind2=" ">
            <marc:subfield code="b">SibRstrctd</marc:subfield>
            <marc:subfield code="h">ML159.B5 V8</marc:subfield>
          </marc:datafield>
        </marc:record>
      </metadata>
    </record>
    <record>
      <header>
        <identifier>oai:library.rochester.edu:URVoyager1/489</identifier>
        <datestamp>2011-03-23T15:43:35Z</datestamp>
        <setSpec>hold</setSpec>
      </header>
      <metadata>
        <marc:record xmlns:marc="http://www.loc.gov/MARC21/slim" xmlns:xsi="http://www.w3.org/2001/XMLSchema-instance" xsi:schemaLocation="http://www.loc.gov/MARC21/slim http://128.151.244.137:8080/OAIToolkit_demo_175/schema/MARC21slim_custom.xsd">
          <marc:leader>00271cy  a22001213  4500</marc:leader>
          <marc:controlfield tag="001">3349023</marc:controlfield>
          <marc:controlfield tag="004">29692</marc:controlfield>
          <marc:controlfield tag="005">20060821142436.0</marc:controlfield>
          <marc:controlfield tag="007">crucn </marc:controlfield>
          <marc:controlfield tag="008">0608214f    0   0001bueng0901128</marc:controlfield>
          <marc:datafield tag="852" ind1=" " ind2=" ">
            <marc:subfield code="b">Internet</marc:subfield>
          </marc:datafield>
          <marc:datafield tag="856" ind1="4" ind2="1">
            <marc:subfield code="u">http://purl.org/net/nysl/nysdocs/bulletin</marc:subfield>
          </marc:datafield>
          <marc:datafield tag="866" ind1="3" ind2="0">
            <marc:subfield code="a">no.110 (1907)-</marc:subfield>
          </marc:datafield>
        </marc:record>
      </metadata>
    </record>
    <record>
      <header>
        <identifier>oai:library.rochester.edu:URVoyager1/490</identifier>
        <datestamp>2011-03-23T15:43:35Z</datestamp>
        <setSpec>hold</setSpec>
      </header>
      <metadata>
        <marc:record xmlns:marc="http://www.loc.gov/MARC21/slim" xmlns:xsi="http://www.w3.org/2001/XMLSchema-instance" xsi:schemaLocation="http://www.loc.gov/MARC21/slim http://128.151.244.137:8080/OAIToolkit_demo_175/schema/MARC21slim_custom.xsd">
          <marc:leader>00189cx  a22000854  4500</marc:leader>
          <marc:controlfield tag="001">3696609</marc:controlfield>
          <marc:controlfield tag="004">3494560</marc:controlfield>
          <marc:controlfield tag="005">20070612104751.0</marc:controlfield>
          <marc:controlfield tag="008">0705240p    8   1001uu   0000000</marc:controlfield>
          <marc:datafield tag="852" ind1="2" ind2=" ">
            <marc:subfield code="b">MinerRef20</marc:subfield>
            <marc:subfield code="h">WM 203.5</marc:subfield>
            <marc:subfield code="i">S559u 2006</marc:subfield>
          </marc:datafield>
        </marc:record>
      </metadata>
    </record>
    <record>
      <header>
        <identifier>oai:library.rochester.edu:URVoyager1/491</identifier>
        <datestamp>2011-03-23T15:43:35Z</datestamp>
        <setSpec>hold</setSpec>
      </header>
      <metadata>
        <marc:record xmlns:marc="http://www.loc.gov/MARC21/slim" xmlns:xsi="http://www.w3.org/2001/XMLSchema-instance" xsi:schemaLocation="http://www.loc.gov/MARC21/slim http://128.151.244.137:8080/OAIToolkit_demo_175/schema/MARC21slim_custom.xsd">
          <marc:leader>00254cx  a22001213  4500</marc:leader>
          <marc:controlfield tag="001">37294</marc:controlfield>
          <marc:controlfield tag="004">21515</marc:controlfield>
          <marc:controlfield tag="005">20080619160854.0</marc:controlfield>
          <marc:controlfield tag="008">9612090u    0   4001uu   0000000</marc:controlfield>
          <marc:datafield tag="014" ind1=" " ind2=" ">
            <marc:subfield code="a">00744352</marc:subfield>
          </marc:datafield>
          <marc:datafield tag="852" ind1="0" ind2=" ">
            <marc:subfield code="b">SibBJrnl</marc:subfield>
            <marc:subfield code="h">ML1</marc:subfield>
            <marc:subfield code="i">.I39T</marc:subfield>
          </marc:datafield>
          <marc:datafield tag="866" ind1=" " ind2="0">
            <marc:subfield code="8">0</marc:subfield>
            <marc:subfield code="a">v. 1- (1977-)</marc:subfield>
          </marc:datafield>
          <marc:datafield tag="868" ind1=" " ind2="0">
            <marc:subfield code="a">v. 1-3</marc:subfield>
          </marc:datafield>
        </marc:record>
      </metadata>
    </record>
    <record>
      <header>
        <identifier>oai:library.rochester.edu:URVoyager1/492</identifier>
        <datestamp>2011-03-23T15:43:35Z</datestamp>
        <setSpec>hold</setSpec>
      </header>
      <metadata>
        <marc:record xmlns:marc="http://www.loc.gov/MARC21/slim" xmlns:xsi="http://www.w3.org/2001/XMLSchema-instance" xsi:schemaLocation="http://www.loc.gov/MARC21/slim http://128.151.244.137:8080/OAIToolkit_demo_175/schema/MARC21slim_custom.xsd">
          <marc:leader>00186cx  a22000851  4500</marc:leader>
          <marc:controlfield tag="001">4164761</marc:controlfield>
          <marc:controlfield tag="004">3949333</marc:controlfield>
          <marc:controlfield tag="005">20081024113303.0</marc:controlfield>
          <marc:controlfield tag="008">0810010u||||8|||4001uu|||0000000</marc:controlfield>
          <marc:datafield tag="852" ind1="0" ind2=" ">
            <marc:subfield code="b">RheesStack</marc:subfield>
            <marc:subfield code="h">HB139</marc:subfield>
            <marc:subfield code="i">.E345 2007</marc:subfield>
          </marc:datafield>
        </marc:record>
      </metadata>
    </record>
    <record>
      <header>
        <identifier>oai:library.rochester.edu:URVoyager1/493</identifier>
        <datestamp>2011-03-23T15:43:35Z</datestamp>
        <setSpec>hold</setSpec>
      </header>
      <metadata>
        <marc:record xmlns:marc="http://www.loc.gov/MARC21/slim" xmlns:xsi="http://www.w3.org/2001/XMLSchema-instance" xsi:schemaLocation="http://www.loc.gov/MARC21/slim http://128.151.244.137:8080/OAIToolkit_demo_175/schema/MARC21slim_custom.xsd">
          <marc:leader>00203cx  a22000973  4500</marc:leader>
          <marc:controlfield tag="001">444443</marc:controlfield>
          <marc:controlfield tag="004">393842</marc:controlfield>
          <marc:controlfield tag="005">19961209124645.0</marc:controlfield>
          <marc:controlfield tag="008">9612090u    0   4001uu   0000000</marc:controlfield>
          <marc:datafield tag="014" ind1=" " ind2=" ">
            <marc:subfield code="a">00308884</marc:subfield>
          </marc:datafield>
          <marc:datafield tag="852" ind1="0" ind2=" ">
            <marc:subfield code="b">RheesStack</marc:subfield>
            <marc:subfield code="h">HQ766 .K83b</marc:subfield>
          </marc:datafield>
        </marc:record>
      </metadata>
    </record>
    <record>
      <header>
        <identifier>oai:library.rochester.edu:URVoyager1/494</identifier>
        <datestamp>2011-03-23T15:43:35Z</datestamp>
        <setSpec>hold</setSpec>
      </header>
      <metadata>
        <marc:record xmlns:marc="http://www.loc.gov/MARC21/slim" xmlns:xsi="http://www.w3.org/2001/XMLSchema-instance" xsi:schemaLocation="http://www.loc.gov/MARC21/slim http://128.151.244.137:8080/OAIToolkit_demo_175/schema/MARC21slim_custom.xsd">
          <marc:leader>00203cx  a22000973  4500</marc:leader>
          <marc:controlfield tag="001">46920</marc:controlfield>
          <marc:controlfield tag="004">27810</marc:controlfield>
          <marc:controlfield tag="005">19961209123838.0</marc:controlfield>
          <marc:controlfield tag="008">9612090u    0   4001uu   0000000</marc:controlfield>
          <marc:datafield tag="014" ind1=" " ind2=" ">
            <marc:subfield code="a">00999982</marc:subfield>
          </marc:datafield>
          <marc:datafield tag="852" ind1="0" ind2=" ">
            <marc:subfield code="b">RheesStack</marc:subfield>
            <marc:subfield code="h">DF552.8 .P11c</marc:subfield>
          </marc:datafield>
        </marc:record>
      </metadata>
    </record>
    <record>
      <header>
        <identifier>oai:library.rochester.edu:URVoyager1/495</identifier>
        <datestamp>2011-03-23T15:43:35Z</datestamp>
        <setSpec>hold</setSpec>
      </header>
      <metadata>
        <marc:record xmlns:marc="http://www.loc.gov/MARC21/slim" xmlns:xsi="http://www.w3.org/2001/XMLSchema-instance" xsi:schemaLocation="http://www.loc.gov/MARC21/slim http://128.151.244.137:8080/OAIToolkit_demo_175/schema/MARC21slim_custom.xsd">
          <marc:leader>00199cx  a22000973  4500</marc:leader>
          <marc:controlfield tag="001">46921</marc:controlfield>
          <marc:controlfield tag="004">27810</marc:controlfield>
          <marc:controlfield tag="005">19961209123838.0</marc:controlfield>
          <marc:controlfield tag="008">9612090u    0   4001uu   0000000</marc:controlfield>
          <marc:datafield tag="014" ind1=" " ind2=" ">
            <marc:subfield code="a">00999982</marc:subfield>
          </marc:datafield>
          <marc:datafield tag="852" ind1="0" ind2=" ">
            <marc:subfield code="b">SibStack</marc:subfield>
            <marc:subfield code="h">N6250 .P119</marc:subfield>
          </marc:datafield>
        </marc:record>
      </metadata>
    </record>
    <record>
      <header>
        <identifier>oai:library.rochester.edu:URVoyager1/496</identifier>
        <datestamp>2011-03-23T15:43:35Z</datestamp>
        <setSpec>hold</setSpec>
      </header>
      <metadata>
        <marc:record xmlns:marc="http://www.loc.gov/MARC21/slim" xmlns:xsi="http://www.w3.org/2001/XMLSchema-instance" xsi:schemaLocation="http://www.loc.gov/MARC21/slim http://128.151.244.137:8080/OAIToolkit_demo_175/schema/MARC21slim_custom.xsd">
          <marc:leader>00387cx  a22001093  4500</marc:leader>
          <marc:controlfield tag="001">4713</marc:controlfield>
          <marc:controlfield tag="004">2888</marc:controlfield>
          <marc:controlfield tag="005">20000922132106.0</marc:controlfield>
          <marc:controlfield tag="008">9612090u    0   4001uu   0000000</marc:controlfield>
          <marc:datafield tag="014" ind1="1" ind2=" ">
            <marc:subfield code="a">00051546</marc:subfield>
          </marc:datafield>
          <marc:datafield tag="852" ind1="8" ind2=" ">
            <marc:subfield code="b">MinerSer2</marc:subfield>
            <marc:subfield code="h">Serial</marc:subfield>
          </marc:datafield>
          <marc:datafield tag="866" ind1=" " ind2="0">
            <marc:subfield code="a">v. 52 (1931)-v. 134, no. 3 (1971), v. 135 (1971)-v. 139, no. 1 (1973), v. 139, no. 3 (1973)-v. 222 (1994). Vol. 52, no, 2 (1931) bound with: Journal of morphology and physiology</marc:subfield>
          </marc:datafield>
        </marc:record>
      </metadata>
    </record>
    <record>
      <header>
        <identifier>oai:library.rochester.edu:URVoyager1/497</identifier>
        <datestamp>2011-03-23T15:43:35Z</datestamp>
        <setSpec>hold</setSpec>
      </header>
      <metadata>
        <marc:record xmlns:marc="http://www.loc.gov/MARC21/slim" xmlns:xsi="http://www.w3.org/2001/XMLSchema-instance" xsi:schemaLocation="http://www.loc.gov/MARC21/slim http://128.151.244.137:8080/OAIToolkit_demo_175/schema/MARC21slim_custom.xsd">
          <marc:leader>00303cy  a22000973  4500</marc:leader>
          <marc:controlfield tag="001">4714</marc:controlfield>
          <marc:controlfield tag="004">2888</marc:controlfield>
          <marc:controlfield tag="005">20080423130713.0</marc:controlfield>
          <marc:controlfield tag="008">9612095u    8   0001uueng0000000</marc:controlfield>
          <marc:datafield tag="852" ind1="0" ind2=" ">
            <marc:subfield code="b">Offsite1</marc:subfield>
            <marc:subfield code="h">QL801</marc:subfield>
            <marc:subfield code="i">.J865</marc:subfield>
          </marc:datafield>
          <marc:datafield tag="866" ind1="3" ind2="0">
            <marc:subfield code="a">v.52 (1931)-v.54 (1932/1933),v.56 (1934),v.58 (1935)-v.59 (1936),v.61 (1937)-v.62 (1938),v.73 (1943)-v.210 (1991)</marc:subfield>
          </marc:datafield>
        </marc:record>
      </metadata>
    </record>
    <record>
      <header>
        <identifier>oai:library.rochester.edu:URVoyager1/498</identifier>
        <datestamp>2011-03-23T15:43:35Z</datestamp>
        <setSpec>hold</setSpec>
      </header>
      <metadata>
        <marc:record xmlns:marc="http://www.loc.gov/MARC21/slim" xmlns:xsi="http://www.w3.org/2001/XMLSchema-instance" xsi:schemaLocation="http://www.loc.gov/MARC21/slim http://128.151.244.137:8080/OAIToolkit_demo_175/schema/MARC21slim_custom.xsd">
          <marc:leader>00211cy  a22000973  4500</marc:leader>
          <marc:controlfield tag="001">49443</marc:controlfield>
          <marc:controlfield tag="004">29692</marc:controlfield>
          <marc:controlfield tag="005">20061121135635.0</marc:controlfield>
          <marc:controlfield tag="008">9904065d    8   0001uueng0000000</marc:controlfield>
          <marc:datafield tag="852" ind1="0" ind2=" ">
            <marc:subfield code="b">Offsite2</marc:subfield>
            <marc:subfield code="h">Q11</marc:subfield>
            <marc:subfield code="i">.N567m</marc:subfield>
          </marc:datafield>
          <marc:datafield tag="866" ind1="3" ind2="0">
            <marc:subfield code="a">no.3-491</marc:subfield>
            <marc:subfield code="z">Incomplete</marc:subfield>
          </marc:datafield>
        </marc:record>
      </metadata>
    </record>
    <record>
      <header>
        <identifier>oai:library.rochester.edu:URVoyager1/499</identifier>
        <datestamp>2011-03-23T15:43:35Z</datestamp>
        <setSpec>hold</setSpec>
      </header>
      <metadata>
        <marc:record xmlns:marc="http://www.loc.gov/MARC21/slim" xmlns:xsi="http://www.w3.org/2001/XMLSchema-instance" xsi:schemaLocation="http://www.loc.gov/MARC21/slim http://128.151.244.137:8080/OAIToolkit_demo_175/schema/MARC21slim_custom.xsd">
          <marc:leader>00380cy  a22000973  4500</marc:leader>
          <marc:controlfield tag="001">49444</marc:controlfield>
          <marc:controlfield tag="004">29692</marc:controlfield>
          <marc:controlfield tag="005">20060821134023.0</marc:controlfield>
          <marc:controlfield tag="008">9901254d    8   0001uueng0000000</marc:controlfield>
          <marc:datafield tag="852" ind1="0" ind2=" ">
            <marc:subfield code="b">CarlStack</marc:subfield>
            <marc:subfield code="h">Q11</marc:subfield>
            <marc:subfield code="i">.N567m</marc:subfield>
            <marc:subfield code="x">Items linked on monographic records beginning with v.500</marc:subfield>
          </marc:datafield>
          <marc:datafield tag="866" ind1="3" ind2="0">
            <marc:subfield code="a">no.1-14; 16-102; 104-179; 181-185; 187-192; 195-197; 199; 201; 203-220; 223-230; 233-467; 469-471; 473-478; 481-496; 498-</marc:subfield>
            <marc:subfield code="x">ANALYZE</marc:subfield>
          </marc:datafield>
        </marc:record>
      </metadata>
    </record>
    <record>
      <header>
        <identifier>oai:library.rochester.edu:URVoyager1/500</identifier>
        <datestamp>2011-03-23T15:43:35Z</datestamp>
        <setSpec>hold</setSpec>
      </header>
      <metadata>
        <marc:record xmlns:marc="http://www.loc.gov/MARC21/slim" xmlns:xsi="http://www.w3.org/2001/XMLSchema-instance" xsi:schemaLocation="http://www.loc.gov/MARC21/slim http://128.151.244.137:8080/OAIToolkit_demo_175/schema/MARC21slim_custom.xsd">
          <marc:leader>00203cx  a22000973  4500</marc:leader>
          <marc:controlfield tag="001">499284</marc:controlfield>
          <marc:controlfield tag="004">444444</marc:controlfield>
          <marc:controlfield tag="005">19961209124751.0</marc:controlfield>
          <marc:controlfield tag="008">9612090u    0   4001uu   0000000</marc:controlfield>
          <marc:datafield tag="014" ind1=" " ind2=" ">
            <marc:subfield code="a">00362213</marc:subfield>
          </marc:datafield>
          <marc:datafield tag="852" ind1="0" ind2=" ">
            <marc:subfield code="b">RheesStack</marc:subfield>
            <marc:subfield code="h">PR509 .R47 </marc:subfield>
          </marc:datafield>
        </marc:record>
      </metadata>
    </record>
    <record>
      <header>
        <identifier>oai:library.rochester.edu:URVoyager1/501</identifier>
        <datestamp>2011-03-23T15:43:35Z</datestamp>
        <setSpec>hold</setSpec>
      </header>
      <metadata>
        <marc:record xmlns:marc="http://www.loc.gov/MARC21/slim" xmlns:xsi="http://www.w3.org/2001/XMLSchema-instance" xsi:schemaLocation="http://www.loc.gov/MARC21/slim http://128.151.244.137:8080/OAIToolkit_demo_175/schema/MARC21slim_custom.xsd">
          <marc:leader>00209cx  a22000973  4500</marc:leader>
          <marc:controlfield tag="001">556928</marc:controlfield>
          <marc:controlfield tag="004">496722</marc:controlfield>
          <marc:controlfield tag="005">19961209124904.0</marc:controlfield>
          <marc:controlfield tag="008">9612090u    0   4001uu   0000000</marc:controlfield>
          <marc:datafield tag="014" ind1=" " ind2=" ">
            <marc:subfield code="a">00417400</marc:subfield>
          </marc:datafield>
          <marc:datafield tag="852" ind1="0" ind2=" ">
            <marc:subfield code="b">SibStack</marc:subfield>
            <marc:subfield code="h">M 1500 .P977B 1960z</marc:subfield>
          </marc:datafield>
        </marc:record>
      </metadata>
    </record>
    <record>
      <header>
        <identifier>oai:library.rochester.edu:URVoyager1/502</identifier>
        <datestamp>2011-03-23T15:43:35Z</datestamp>
        <setSpec>hold</setSpec>
      </header>
      <metadata>
        <marc:record xmlns:marc="http://www.loc.gov/MARC21/slim" xmlns:xsi="http://www.w3.org/2001/XMLSchema-instance" xsi:schemaLocation="http://www.loc.gov/MARC21/slim http://128.151.244.137:8080/OAIToolkit_demo_175/schema/MARC21slim_custom.xsd">
          <marc:leader>00254cx  a22001093  4500</marc:leader>
          <marc:controlfield tag="001">560427</marc:controlfield>
          <marc:controlfield tag="004">499882</marc:controlfield>
          <marc:controlfield tag="005">20081014130004.0</marc:controlfield>
          <marc:controlfield tag="008">9612090u    0   4001uu   0000000</marc:controlfield>
          <marc:datafield tag="014" ind1=" " ind2=" ">
            <marc:subfield code="a">00420779</marc:subfield>
          </marc:datafield>
          <marc:datafield tag="852" ind1="0" ind2=" ">
            <marc:subfield code="b">SibStack</marc:subfield>
            <marc:subfield code="h">ML410</marc:subfield>
            <marc:subfield code="i">.D28 I48</marc:subfield>
          </marc:datafield>
          <marc:datafield tag="876" ind1=" " ind2=" ">
            <marc:subfield code="t">1</marc:subfield>
            <marc:subfield code="j">lost 20080818</marc:subfield>
            <marc:subfield code="r">39087004973642</marc:subfield>
          </marc:datafield>
        </marc:record>
      </metadata>
    </record>
    <record>
      <header>
        <identifier>oai:library.rochester.edu:URVoyager1/503</identifier>
        <datestamp>2011-03-23T15:43:35Z</datestamp>
        <setSpec>hold</setSpec>
      </header>
      <metadata>
        <marc:record xmlns:marc="http://www.loc.gov/MARC21/slim" xmlns:xsi="http://www.w3.org/2001/XMLSchema-instance" xsi:schemaLocation="http://www.loc.gov/MARC21/slim http://128.151.244.137:8080/OAIToolkit_demo_175/schema/MARC21slim_custom.xsd">
          <marc:leader>00802cx  a22002293  4500</marc:leader>
          <marc:controlfield tag="001">560760</marc:controlfield>
          <marc:controlfield tag="004">500167</marc:controlfield>
          <marc:controlfield tag="005">20081113144250.0</marc:controlfield>
          <marc:controlfield tag="008">9612090u    0   4001uu   0000000</marc:controlfield>
          <marc:datafield tag="014" ind1=" " ind2=" ">
            <marc:subfield code="a">00421071</marc:subfield>
          </marc:datafield>
          <marc:datafield tag="852" ind1="0" ind2=" ">
            <marc:subfield code="b">SibBJrnl</marc:subfield>
            <marc:subfield code="h">ML1</marc:subfield>
            <marc:subfield code="i">.N531b</marc:subfield>
          </marc:datafield>
          <marc:datafield tag="866" ind1=" " ind2="0">
            <marc:subfield code="a">Scattered holdings:</marc:subfield>
          </marc:datafield>
          <marc:datafield tag="866" ind1=" " ind2="0">
            <marc:subfield code="a">v. 1, 1919 (Sibley has: no. 1-4, 6, 7, 9)</marc:subfield>
          </marc:datafield>
          <marc:datafield tag="866" ind1=" " ind2="0">
            <marc:subfield code="a">v. 2, 1920/1921 (Sibley has: no. 2, 3, 12)</marc:subfield>
          </marc:datafield>
          <marc:datafield tag="866" ind1=" " ind2="0">
            <marc:subfield code="a">v. 3, 1921/1922 (Sibley has: no. 8, 11)</marc:subfield>
          </marc:datafield>
          <marc:datafield tag="866" ind1=" " ind2="0">
            <marc:subfield code="a">v. 4, 1922/1923 (Sibley lacks: no. 7, 11)</marc:subfield>
          </marc:datafield>
          <marc:datafield tag="866" ind1=" " ind2="0">
            <marc:subfield code="a">v. 5, 1923/1924 (Sibley lacks: no. 5-7)</marc:subfield>
          </marc:datafield>
          <marc:datafield tag="866" ind1=" " ind2="0">
            <marc:subfield code="a">v. 6, 1924/1925 (Sibley has: no. 1, 3, 5-8)</marc:subfield>
          </marc:datafield>
          <marc:datafield tag="866" ind1=" " ind2="0">
            <marc:subfield code="a">v. 7, 1925/1926 (Sibley has: no. 1, 6, 8-12)</marc:subfield>
          </marc:datafield>
          <marc:datafield tag="866" ind1=" " ind2="0">
            <marc:subfield code="a">v. 8, 1926/1927 (Sibley lacks: no. 11)</marc:subfield>
          </marc:datafield>
          <marc:datafield tag="866" ind1=" " ind2="0">
            <marc:subfield code="a">v. 9, 1927/1928 (Sibley lacks: no. 6, 12)</marc:subfield>
          </marc:datafield>
          <marc:datafield tag="866" ind1=" " ind2="0">
            <marc:subfield code="8">0</marc:subfield>
            <marc:subfield code="a">v. 15 1933/34 (complete)</marc:subfield>
          </marc:datafield>
        </marc:record>
      </metadata>
    </record>
    <record>
      <header>
        <identifier>oai:library.rochester.edu:URVoyager1/504</identifier>
        <datestamp>2011-03-23T15:43:35Z</datestamp>
        <setSpec>hold</setSpec>
      </header>
      <metadata>
        <marc:record xmlns:marc="http://www.loc.gov/MARC21/slim" xmlns:xsi="http://www.w3.org/2001/XMLSchema-instance" xsi:schemaLocation="http://www.loc.gov/MARC21/slim http://128.151.244.137:8080/OAIToolkit_demo_175/schema/MARC21slim_custom.xsd">
          <marc:leader>00212cx  a22000973  4500</marc:leader>
          <marc:controlfield tag="001">573953</marc:controlfield>
          <marc:controlfield tag="004">512520</marc:controlfield>
          <marc:controlfield tag="005">19961209124925.0</marc:controlfield>
          <marc:controlfield tag="008">9612090u    0   4001uu   0000000</marc:controlfield>
          <marc:datafield tag="014" ind1=" " ind2=" ">
            <marc:subfield code="a">00434744</marc:subfield>
          </marc:datafield>
          <marc:datafield tag="852" ind1="2" ind2=" ">
            <marc:subfield code="b">MinerStack</marc:subfield>
            <marc:subfield code="h">QH205 .P895 v.7 1978</marc:subfield>
          </marc:datafield>
        </marc:record>
      </metadata>
    </record>
    <record>
      <header>
        <identifier>oai:library.rochester.edu:URVoyager1/505</identifier>
        <datestamp>2011-03-23T15:43:35Z</datestamp>
        <setSpec>hold</setSpec>
      </header>
      <metadata>
        <marc:record xmlns:marc="http://www.loc.gov/MARC21/slim" xmlns:xsi="http://www.w3.org/2001/XMLSchema-instance" xsi:schemaLocation="http://www.loc.gov/MARC21/slim http://128.151.244.137:8080/OAIToolkit_demo_175/schema/MARC21slim_custom.xsd">
          <marc:leader>00343cy  a22001453  4500</marc:leader>
          <marc:controlfield tag="001">656643</marc:controlfield>
          <marc:controlfield tag="004">589385</marc:controlfield>
          <marc:controlfield tag="005">20080923143552.0</marc:controlfield>
          <marc:controlfield tag="008">9612095u    8   4001uu   0000000</marc:controlfield>
          <marc:datafield tag="014" ind1=" " ind2=" ">
            <marc:subfield code="a">00515645</marc:subfield>
          </marc:datafield>
          <marc:datafield tag="852" ind1="0" ind2=" ">
            <marc:subfield code="b">SibBJrnl</marc:subfield>
            <marc:subfield code="h">ML1</marc:subfield>
            <marc:subfield code="i">.I6198</marc:subfield>
          </marc:datafield>
          <marc:datafield tag="866" ind1=" " ind2="0">
            <marc:subfield code="8">0</marc:subfield>
            <marc:subfield code="a">v. 1 1978/79</marc:subfield>
          </marc:datafield>
          <marc:datafield tag="866" ind1=" " ind2="0">
            <marc:subfield code="8">0</marc:subfield>
            <marc:subfield code="a">v. 2 1979/80</marc:subfield>
          </marc:datafield>
          <marc:datafield tag="866" ind1=" " ind2="0">
            <marc:subfield code="8">0</marc:subfield>
            <marc:subfield code="a">v. 3 1981/82</marc:subfield>
          </marc:datafield>
          <marc:datafield tag="866" ind1=" " ind2="0">
            <marc:subfield code="8">0</marc:subfield>
            <marc:subfield code="a">v. 4 1982-84 (lacks no. 4)</marc:subfield>
          </marc:datafield>
        </marc:record>
      </metadata>
    </record>
    <record>
      <header>
        <identifier>oai:library.rochester.edu:URVoyager1/506</identifier>
        <datestamp>2011-03-23T15:43:35Z</datestamp>
        <setSpec>hold</setSpec>
      </header>
      <metadata>
        <marc:record xmlns:marc="http://www.loc.gov/MARC21/slim" xmlns:xsi="http://www.w3.org/2001/XMLSchema-instance" xsi:schemaLocation="http://www.loc.gov/MARC21/slim http://128.151.244.137:8080/OAIToolkit_demo_175/schema/MARC21slim_custom.xsd">
          <marc:leader>00199cx  a22000972  4500</marc:leader>
          <marc:controlfield tag="001">7348</marc:controlfield>
          <marc:controlfield tag="004">4576</marc:controlfield>
          <marc:controlfield tag="005">20051003131452.0</marc:controlfield>
          <marc:controlfield tag="008">9612090u    8   4001au   0000000</marc:controlfield>
          <marc:datafield tag="014" ind1=" " ind2=" ">
            <marc:subfield code="a">00093522</marc:subfield>
          </marc:datafield>
          <marc:datafield tag="852" ind1="0" ind2=" ">
            <marc:subfield code="b">DivColl</marc:subfield>
            <marc:subfield code="h">E185.615</marc:subfield>
            <marc:subfield code="i">.H28</marc:subfield>
          </marc:datafield>
        </marc:record>
      </metadata>
    </record>
    <record>
      <header>
        <identifier>oai:library.rochester.edu:URVoyager1/507</identifier>
        <datestamp>2011-03-23T15:43:35Z</datestamp>
        <setSpec>hold</setSpec>
      </header>
      <metadata>
        <marc:record xmlns:marc="http://www.loc.gov/MARC21/slim" xmlns:xsi="http://www.w3.org/2001/XMLSchema-instance" xsi:schemaLocation="http://www.loc.gov/MARC21/slim http://128.151.244.137:8080/OAIToolkit_demo_175/schema/MARC21slim_custom.xsd">
          <marc:leader>00235cx  a22001093  4500</marc:leader>
          <marc:controlfield tag="001">807</marc:controlfield>
          <marc:controlfield tag="004">481</marc:controlfield>
          <marc:controlfield tag="005">20101110090054.0</marc:controlfield>
          <marc:controlfield tag="008">9908040u    0   4001uu   0000000</marc:controlfield>
          <marc:datafield tag="014" ind1="1" ind2=" ">
            <marc:subfield code="a">00019015</marc:subfield>
          </marc:datafield>
          <marc:datafield tag="852" ind1="8" ind2=" ">
            <marc:subfield code="b">MinerSer2</marc:subfield>
            <marc:subfield code="h">Serial</marc:subfield>
          </marc:datafield>
          <marc:datafield tag="866" ind1=" " ind2="0">
            <marc:subfield code="a">v. 69 (1929)- v. 330 (2010)</marc:subfield>
          </marc:datafield>
        </marc:record>
      </metadata>
    </record>
    <record>
      <header>
        <identifier>oai:library.rochester.edu:URVoyager1/508</identifier>
        <datestamp>2011-03-23T15:43:35Z</datestamp>
        <setSpec>hold</setSpec>
      </header>
      <metadata>
        <marc:record xmlns:marc="http://www.loc.gov/MARC21/slim" xmlns:xsi="http://www.w3.org/2001/XMLSchema-instance" xsi:schemaLocation="http://www.loc.gov/MARC21/slim http://128.151.244.137:8080/OAIToolkit_demo_175/schema/MARC21slim_custom.xsd">
          <marc:leader>01115cy  a22003133  4500</marc:leader>
          <marc:controlfield tag="001">809</marc:controlfield>
          <marc:controlfield tag="004">481</marc:controlfield>
          <marc:controlfield tag="005">20030324142022.0</marc:controlfield>
          <marc:controlfield tag="008">9612094p00008   4001uueng0000000</marc:controlfield>
          <marc:datafield tag="852" ind1="0" ind2=" ">
            <marc:subfield code="b">CarlPer</marc:subfield>
            <marc:subfield code="h">Q1</marc:subfield>
            <marc:subfield code="i">.S391</marc:subfield>
          </marc:datafield>
          <marc:datafield tag="866" ind1="3" ind2="0">
            <marc:subfield code="a">n.s. v.101 (1945)-</marc:subfield>
          </marc:datafield>
          <marc:datafield tag="866" ind1=" " ind2="0">
            <marc:subfield code="8">0</marc:subfield>
            <marc:subfield code="a">v. 330, no. 6005 (Nov. 5 2010)</marc:subfield>
          </marc:datafield>
          <marc:datafield tag="866" ind1=" " ind2="0">
            <marc:subfield code="8">0</marc:subfield>
            <marc:subfield code="a">v. 330, no. 6006 (Nov. 12 2010)</marc:subfield>
          </marc:datafield>
          <marc:datafield tag="866" ind1=" " ind2="0">
            <marc:subfield code="8">0</marc:subfield>
            <marc:subfield code="a">v. 330, no. 6007 (Nov. 19 2010)</marc:subfield>
          </marc:datafield>
          <marc:datafield tag="866" ind1=" " ind2="0">
            <marc:subfield code="8">0</marc:subfield>
            <marc:subfield code="a">v. 330, no. 6008 (Nov. 26 2010)</marc:subfield>
          </marc:datafield>
          <marc:datafield tag="866" ind1=" " ind2="0">
            <marc:subfield code="8">0</marc:subfield>
            <marc:subfield code="a">v. 330, no. 6009 (Dec. 3 2010)</marc:subfield>
          </marc:datafield>
          <marc:datafield tag="866" ind1=" " ind2="0">
            <marc:subfield code="8">0</marc:subfield>
            <marc:subfield code="a">v. 330, no. 6010 (Dec. 10 2010)</marc:subfield>
          </marc:datafield>
          <marc:datafield tag="866" ind1=" " ind2="0">
            <marc:subfield code="8">0</marc:subfield>
            <marc:subfield code="a">v. 330, no. 6011 (Dec. 17 2010)</marc:subfield>
          </marc:datafield>
          <marc:datafield tag="866" ind1=" " ind2="0">
            <marc:subfield code="8">0</marc:subfield>
            <marc:subfield code="a">v. 330, no. 6012 (Dec. 24 2010)</marc:subfield>
          </marc:datafield>
          <marc:datafield tag="866" ind1=" " ind2="0">
            <marc:subfield code="8">0</marc:subfield>
            <marc:subfield code="a">v. 331, no. 6013 (Jan. 7 2011)</marc:subfield>
          </marc:datafield>
          <marc:datafield tag="866" ind1=" " ind2="0">
            <marc:subfield code="8">0</marc:subfield>
            <marc:subfield code="a">v. 331, no. 6014 (Jan. 14 2011)</marc:subfield>
          </marc:datafield>
          <marc:datafield tag="866" ind1=" " ind2="0">
            <marc:subfield code="8">0</marc:subfield>
            <marc:subfield code="a">v. 331, no. 6015 (Jan. 21 2011)</marc:subfield>
          </marc:datafield>
          <marc:datafield tag="866" ind1=" " ind2="0">
            <marc:subfield code="8">0</marc:subfield>
            <marc:subfield code="a">v. 331, no. 6016 (Jan. 28 2011)</marc:subfield>
          </marc:datafield>
          <marc:datafield tag="866" ind1=" " ind2="0">
            <marc:subfield code="8">0</marc:subfield>
            <marc:subfield code="a">v. 331, no. 6017 (Feb. 4 2011)</marc:subfield>
          </marc:datafield>
          <marc:datafield tag="866" ind1=" " ind2="0">
            <marc:subfield code="8">0</marc:subfield>
            <marc:subfield code="a">v. 331, no. 6018 (Feb. 11 2011)</marc:subfield>
          </marc:datafield>
          <marc:datafield tag="866" ind1=" " ind2="0">
            <marc:subfield code="8">0</marc:subfield>
            <marc:subfield code="a">v. 331, no. 6019 (Feb. 18 2011)</marc:subfield>
          </marc:datafield>
          <marc:datafield tag="866" ind1=" " ind2="0">
            <marc:subfield code="8">0</marc:subfield>
            <marc:subfield code="a">v. 331, no. 6020 (Feb. 25 2011)</marc:subfield>
          </marc:datafield>
          <marc:datafield tag="866" ind1=" " ind2="0">
            <marc:subfield code="8">0</marc:subfield>
            <marc:subfield code="a">v. 331, no. 6021 (Mar. 4 2011)</marc:subfield>
          </marc:datafield>
          <marc:datafield tag="866" ind1=" " ind2="0">
            <marc:subfield code="8">0</marc:subfield>
            <marc:subfield code="a">v. 331, no. 6022 (Mar. 11 2011)</marc:subfield>
          </marc:datafield>
        </marc:record>
      </metadata>
    </record>
    <record>
      <header>
        <identifier>oai:library.rochester.edu:URVoyager1/509</identifier>
        <datestamp>2011-03-23T15:43:35Z</datestamp>
        <setSpec>hold</setSpec>
      </header>
      <metadata>
        <marc:record xmlns:marc="http://www.loc.gov/MARC21/slim" xmlns:xsi="http://www.w3.org/2001/XMLSchema-instance" xsi:schemaLocation="http://www.loc.gov/MARC21/slim http://128.151.244.137:8080/OAIToolkit_demo_175/schema/MARC21slim_custom.xsd">
          <marc:leader>00209cx  a22000973  4500</marc:leader>
          <marc:controlfield tag="001">92365</marc:controlfield>
          <marc:controlfield tag="004">69476</marc:controlfield>
          <marc:controlfield tag="005">19961209123938.0</marc:controlfield>
          <marc:controlfield tag="008">9612090u    0   4001uu   0000000</marc:controlfield>
          <marc:datafield tag="014" ind1=" " ind2=" ">
            <marc:subfield code="a">01302867</marc:subfield>
          </marc:datafield>
          <marc:datafield tag="852" ind1="0" ind2=" ">
            <marc:subfield code="b">SibStack</marc:subfield>
            <marc:subfield code="h">M1613.3.B915 I36 1995</marc:subfield>
          </marc:datafield>
        </marc:record>
      </metadata>
    </record>
    <record>
      <header>
        <identifier>oai:library.rochester.edu:URVoyager1/510</identifier>
        <datestamp>2011-03-23T15:43:35Z</datestamp>
        <setSpec>hold</setSpec>
      </header>
      <metadata>
        <marc:record xmlns:marc="http://www.loc.gov/MARC21/slim" xmlns:xsi="http://www.w3.org/2001/XMLSchema-instance" xsi:schemaLocation="http://www.loc.gov/MARC21/slim http://128.151.244.137:8080/OAIToolkit_demo_175/schema/MARC21slim_custom.xsd">
          <marc:leader>00482cx  a22001453  4500</marc:leader>
          <marc:controlfield tag="001">945818</marc:controlfield>
          <marc:controlfield tag="004">852960</marc:controlfield>
          <marc:controlfield tag="005">20081217140604.0</marc:controlfield>
          <marc:controlfield tag="008">9906290u    0   4001uu   0000000</marc:controlfield>
          <marc:datafield tag="014" ind1=" " ind2=" ">
            <marc:subfield code="a">00792471</marc:subfield>
          </marc:datafield>
          <marc:datafield tag="852" ind1="0" ind2=" ">
            <marc:subfield code="b">SibCollWks</marc:subfield>
            <marc:subfield code="h">M3 .M214</marc:subfield>
            <marc:subfield code="x">Label format: XIII/2a high</marc:subfield>
          </marc:datafield>
          <marc:datafield tag="866" ind1=" " ind2="0">
            <marc:subfield code="8">0</marc:subfield>
            <marc:subfield code="a">Bd. 1-5, 5 (1989), 5 (2002), 6, 6 (1998), 7-9, 9 (1990), 10, 11a, 12</marc:subfield>
          </marc:datafield>
          <marc:datafield tag="866" ind1=" " ind2="0">
            <marc:subfield code="8">0</marc:subfield>
            <marc:subfield code="a">Bd. 13 t. 1, 2a high, 2a low, 2b, 3-5</marc:subfield>
          </marc:datafield>
          <marc:datafield tag="866" ind1=" " ind2="0">
            <marc:subfield code="8">0</marc:subfield>
            <marc:subfield code="a">Bd. 14 t. 1-4</marc:subfield>
          </marc:datafield>
          <marc:datafield tag="866" ind1=" " ind2="0">
            <marc:subfield code="a">Additional copies available for: Bd. 5, 6, 7, 9, 13/2a high</marc:subfield>
          </marc:datafield>
        </marc:record>
      </metadata>
    </record>
    <record>
      <header>
        <identifier>oai:library.rochester.edu:URVoyager1/511</identifier>
        <datestamp>2011-03-23T15:43:35Z</datestamp>
        <setSpec>hold</setSpec>
      </header>
      <metadata>
        <marc:record xmlns:marc="http://www.loc.gov/MARC21/slim" xmlns:xsi="http://www.w3.org/2001/XMLSchema-instance" xsi:schemaLocation="http://www.loc.gov/MARC21/slim http://128.151.244.137:8080/OAIToolkit_demo_175/schema/MARC21slim_custom.xsd">
          <marc:leader>00591cx  a22001093  4500</marc:leader>
          <marc:controlfield tag="001">97034</marc:controlfield>
          <marc:controlfield tag="004">73955</marc:controlfield>
          <marc:controlfield tag="005">20091021150452.0</marc:controlfield>
          <marc:controlfield tag="008">9906160u    0   4001uu   0000000</marc:controlfield>
          <marc:datafield tag="014" ind1=" " ind2=" ">
            <marc:subfield code="a">01307347</marc:subfield>
          </marc:datafield>
          <marc:datafield tag="852" ind1="8" ind2=" ">
            <marc:subfield code="b">MinerSer2</marc:subfield>
            <marc:subfield code="h">Serial</marc:subfield>
          </marc:datafield>
          <marc:datafield tag="866" ind1=" " ind2="0">
            <marc:subfield code="a">v. 1315 (1996)-v. 1317 (1996), v. 1360 (1997)-v. 1362 (1997), v. 1406 (1998)-v. 1408 (1998), v. 1453 (1999)-v. 1455 (1999), v. 1500 (2000)-v. 1502 (2000), v. 1535 (2000/01)- v. 1537 (2001), v. 1586 (2002)- v. 1588 (2002), v. 1637 (2003)- v. 1639 (2003), v. 1688 (2004)- v. 1690 (2004), v. 1739 (2004/05)- v. 1741 (2005), v. 1762 (2006), v. 1772 (2007), v.1782 (2008), 1792 (2009)</marc:subfield>
          </marc:datafield>
        </marc:record>
      </metadata>
    </record>
    <record>
      <header>
        <identifier>oai:library.rochester.edu:URVoyager1/512</identifier>
        <datestamp>2011-03-23T15:43:35Z</datestamp>
        <setSpec>hold</setSpec>
      </header>
      <metadata>
        <marc:record xmlns:marc="http://www.loc.gov/MARC21/slim" xmlns:xsi="http://www.w3.org/2001/XMLSchema-instance" xsi:schemaLocation="http://www.loc.gov/MARC21/slim http://128.151.244.137:8080/OAIToolkit_demo_175/schema/MARC21slim_custom.xsd">
          <marc:leader>00257cx  a22001093  4500</marc:leader>
          <marc:controlfield tag="001">979130</marc:controlfield>
          <marc:controlfield tag="004">883452</marc:controlfield>
          <marc:controlfield tag="005">20081014125942.0</marc:controlfield>
          <marc:controlfield tag="008">9612090u    0   4001uu   0000000</marc:controlfield>
          <marc:datafield tag="014" ind1=" " ind2=" ">
            <marc:subfield code="a">00825076</marc:subfield>
          </marc:datafield>
          <marc:datafield tag="852" ind1="0" ind2=" ">
            <marc:subfield code="b">SibStack</marc:subfield>
            <marc:subfield code="h">M557 .E84q</marc:subfield>
            <marc:subfield code="t">1-3, 5</marc:subfield>
          </marc:datafield>
          <marc:datafield tag="876" ind1=" " ind2=" ">
            <marc:subfield code="t">4</marc:subfield>
            <marc:subfield code="j">lost 20080729</marc:subfield>
            <marc:subfield code="r">39087019597964</marc:subfield>
          </marc:datafield>
        </marc:record>
      </metadata>
    </record>